<?xml version="1.0" encoding="UTF-8"?>
<!DOCTYPE html PUBLIC "-//W3C//DTD XHTML 1.0 Transitional//EN"
    "http://www.w3.org/TR/xhtml1/DTD/xhtml1-transitional.dtd">
<html xmlns="http://www.w3.org/1999/xhtml" xml:lang="en" lang="en">
 <head>
  <title>
</title>
<meta http-equiv="Content-Type" content="text/html;charset=utf-8" />
  <meta name='ocr-system' content='tesseract 3.04.00' />
  <meta name='ocr-capabilities' content='ocr_page ocr_carea ocr_par ocr_line ocrx_word'/>
</head>
<body>
  <div class='ocr_page' id='page_1' title='image "./desanctidamasis00courgoog_0081.png"; bbox 0 0 3592 5668; ppageno 0'>
   <div class='ocr_carea' id='block_1_1' title="bbox 391 625 1556 2750">
    <p class='ocr_par' dir='ltr' id='par_1_1' title="bbox 883 625 1060 691">
     <span class='ocr_line' id='line_1_1' title="bbox 883 625 1060 691; baseline -0.011 -15"><span class='ocrx_word' id='word_1_1' title='bbox 883 661 928 676; x_wconf 88' lang='lat'><strong>..</strong></span> <span class='ocrx_word' id='word_1_2' title='bbox 949 625 991 691; x_wconf 80' lang='lat'><strong>72</strong></span> <span class='ocrx_word' id='word_1_3' title='bbox 1014 659 1060 674; x_wconf 91' lang='lat'><strong>..</strong></span> 
     </span>
    </p>

    <p class='ocr_par' dir='ltr' id='par_1_2' title="bbox 391 763 1556 2750">
     <span class='ocr_line' id='line_1_2' title="bbox 397 763 1556 866; baseline 0 -27"><span class='ocrx_word' id='word_1_4' title='bbox 397 767 533 858; x_wconf 84' lang='lat' dir='ltr'><strong>flebile,</strong></span> <span class='ocrx_word' id='word_1_5' title='bbox 560 767 779 842; x_wconf 88' lang='lat' dir='ltr'><strong>humanitas</strong></span> <span class='ocrx_word' id='word_1_6' title='bbox 808 768 984 866; x_wconf 78' lang='lat' dir='ltr'><strong>quaedam</strong></span> <span class='ocrx_word' id='word_1_7' title='bbox 1001 763 1410 863; x_wconf 39' lang='lat' dir='ltr'><strong>propriaque-benigni</strong></span> <span class='ocrx_word' id='word_1_8' title='bbox 1432 766 1556 840; x_wconf 79' lang='lat' dir='ltr'><strong>animi·</strong></span> 
     </span>
     <span class='ocr_line' id='line_1_3' title="bbox 395 888 1549 989; baseline -0.001 -24"><span class='ocrx_word' id='word_1_9' title='bbox 395 890 666 968; x_wconf 79' lang='lat' dir='ltr'><strong>misericordia.</strong></span> <span class='ocrx_word' id='word_1_10' title='bbox 685 891 774 968; x_wconf 82' lang='lat' dir='ltr'><strong>Hoec</strong></span> <span class='ocrx_word' id='word_1_11' title='bbox 789 891 893 967; x_wconf 90' lang='lat' dir='ltr'><strong>enim</strong></span> <span class='ocrx_word' id='word_1_12' title='bbox 913 892 1000 989; x_wconf 76' lang='lat' dir='ltr'><strong>lege</strong></span> <span class='ocrx_word' id='word_1_13' title='bbox 1014 889 1154 989; x_wconf 91' lang='lat' dir='ltr'><strong>quibus</strong></span> <span class='ocrx_word' id='word_1_14' title='bbox 1172 888 1397 988; x_wconf 85' lang='lat' dir='ltr'><strong>Projectam,</strong></span> <span class='ocrx_word' id='word_1_15' title='bbox 1408 889 1447 963; x_wconf 93' lang='lat' dir='ltr'><strong>in</strong></span> <span class='ocrx_word' id='word_1_16' title='bbox 1467 891 1549 988; x_wconf 89' lang='lat' dir='ltr'><strong>ipso</strong></span> 
     </span>
     <span class='ocr_line' id='line_1_4' title="bbox 393 1016 1545 1118; baseline -0.002 -26"><span class='ocrx_word' id='word_1_17' title='bbox 393 1017 513 1093; x_wconf 75' lang='lat' dir='ltr'><strong>aetatis</strong></span> <span class='ocrx_word' id='word_1_18' title='bbox 531 1020 622 1093; x_wconf 84' lang='lat' dir='ltr'><strong>[lore</strong></span> <span class='ocrx_word' id='word_1_19' title='bbox 640 1020 686 1094; x_wconf 90' lang='lat' dir='ltr'><strong>de</strong></span> <span class='ocrx_word' id='word_1_20' title='bbox 707 1020 905 1118; x_wconf 88' lang='lat' dir='ltr'><strong>complexu</strong></span> <span class='ocrx_word' id='word_1_21' title='bbox 929 1016 1062 1093; x_wconf 92' lang='lat' dir='ltr'><strong>matris</strong></span> <span class='ocrx_word' id='word_1_22' title='bbox 1089 1024 1126 1092; x_wconf 93' lang='lat' dir='ltr'><strong>et</strong></span> <span class='ocrx_word' id='word_1_23' title='bbox 1142 1016 1321 1116; x_wconf 84' lang='lat' dir='ltr'><strong>conjugis</strong></span> <span class='ocrx_word' id='word_1_24' title='bbox 1335 1018 1507 1092; x_wconf 84' lang='lat' dir='ltr'><strong>avulsam</strong></span> <span class='ocrx_word' id='word_1_25' title='bbox 1521 1019 1545 1106; x_wconf 88' lang='lat'><strong>¹,</strong></span> 
     </span>
     <span class='ocr_line' id='line_1_5' title="bbox 391 1141 1547 1242; baseline -0.002 -26"><span class='ocrx_word' id='word_1_26' title='bbox 391 1149 458 1217; x_wconf 88' lang='lat' dir='ltr'><strong>aut</strong></span> <span class='ocrx_word' id='word_1_27' title='bbox 478 1142 612 1218; x_wconf 88' lang='lat' dir='ltr'><strong>lrenen</strong></span> <span class='ocrx_word' id='word_1_28' title='bbox 630 1168 857 1242; x_wconf 78' lang='lat' dir='ltr'><strong>germanam</strong></span> <span class='ocrx_word' id='word_1_29' title='bbox 867 1141 1047 1217; x_wconf 90' lang='lat' dir='ltr'><strong>vicesimo</strong></span> <span class='ocrx_word' id='word_1_30' title='bbox 1062 1141 1182 1216; x_wconf 81' lang='lat' dir='ltr'><strong>aetatis</strong></span> <span class='ocrx_word' id='word_1_31' title='bbox 1194 1166 1296 1215; x_wconf 89' lang='lat' dir='ltr'><strong>anno</strong></span> <span class='ocrx_word' id='word_1_32' title='bbox 1312 1141 1447 1216; x_wconf 82' lang='lat' dir='ltr'><strong>funere</strong></span> <span class='ocrx_word' id='word_1_33' title='bbox 1460 1167 1547 1239; x_wconf 88' lang='lat' dir='ltr'><strong>rap-</strong></span> 
     </span>
     <span class='ocr_line' id='line_1_6' title="bbox 392 1266 1546 1367; baseline -0.001 -24"><span class='ocrx_word' id='word_1_34' title='bbox 392 1267 713 1367; x_wconf 77' lang='lat' dir='ltr'><strong>tam²,complorat</strong></span> <span class='ocrx_word' id='word_1_35' title='bbox 727 1269 924 1358; x_wconf 87' lang='lat' dir='ltr'><strong>Damasus,</strong></span> <span class='ocrx_word' id='word_1_36' title='bbox 938 1266 1366 1342; x_wconf 85' lang='lat' dir='ltr'><strong>etlateberisneminem</strong></span> <span class='ocrx_word' id='word_1_37' title='bbox 1376 1292 1546 1366; x_wconf 86' lang='lat' dir='ltr'><strong>unquam</strong></span> 
     </span>
     <span class='ocr_line' id='line_1_7' title="bbox 392 1389 1546 1493; baseline -0.001 -25"><span class='ocrx_word' id='word_1_38' title='bbox 392 1419 524 1469; x_wconf 88' lang='lat' dir='ltr'><strong>casum</strong></span> <span class='ocrx_word' id='word_1_39' title='bbox 554 1418 713 1493; x_wconf 78' lang='lat' dir='ltr'><strong>gravem</strong></span> <span class='ocrx_word' id='word_1_40' title='bbox 733 1391 994 1491; x_wconf 87' lang='lat' dir='ltr'><strong>amissumque</strong></span> <span class='ocrx_word' id='word_1_41' title='bbox 1018 1389 1105 1466; x_wconf 83' lang='lat' dir='ltr'><strong>vitae</strong></span> <span class='ocrx_word' id='word_1_42' title='bbox 1137 1390 1370 1466; x_wconf 74' lang='lat' dir='ltr'><strong>consortium</strong></span> <span class='ocrx_word' id='word_1_43' title='bbox 1396 1393 1546 1468; x_wconf 90' lang='lat' dir='ltr'><strong>mollius</strong></span> 
     </span>
     <span class='ocr_line' id='line_1_8' title="bbox 392 1516 1547 1618; baseline -0.002 -22"><span class='ocrx_word' id='word_1_44' title='bbox 392 1521 569 1612; x_wconf 82' lang='lat' dir='ltr'><strong>doluisse,</strong></span> <span class='ocrx_word' id='word_1_45' title='bbox 594 1521 788 1596; x_wconf 91' lang='lat' dir='ltr'><strong>neminem</strong></span> <span class='ocrx_word' id='word_1_46' title='bbox 806 1519 884 1594; x_wconf 87' lang='lat' dir='ltr'><strong>cari</strong></span> <span class='ocrx_word' id='word_1_47' title='bbox 908 1519 1041 1618; x_wconf 88' lang='lat' dir='ltr'><strong>capitis</strong></span> <span class='ocrx_word' id='word_1_48' title='bbox 1064 1516 1295 1594; x_wconf 88' lang='lat' dir='ltr'><strong>desiderium</strong></span> <span class='ocrx_word' id='word_1_49' title='bbox 1316 1519 1480 1595; x_wconf 89' lang='lat' dir='ltr'><strong>ssebilius</strong></span> <span class='ocrx_word' id='word_1_50' title='bbox 1500 1520 1547 1594; x_wconf 92' lang='lat' dir='ltr'><strong>si-</strong></span> 
     </span>
     <span class='ocr_line' id='line_1_9' title="bbox 394 1643 1546 1745; baseline 0.001 -27"><span class='ocrx_word' id='word_1_51' title='bbox 394 1645 611 1745; x_wconf 80' lang='lat' dir='ltr'><strong>gnificasse.</strong></span> <span class='ocrx_word' id='word_1_52' title='bbox 633 1645 679 1720; x_wconf 86' lang='lat' dir='ltr'><strong>At</strong></span> <span class='ocrx_word' id='word_1_53' title='bbox 707 1645 833 1743; x_wconf 90' lang='lat' dir='ltr'><strong>ipsum</strong></span> <span class='ocrx_word' id='word_1_54' title='bbox 848 1645 1017 1719; x_wconf 88' lang='lat' dir='ltr'><strong>dolorem</strong></span> <span class='ocrx_word' id='word_1_55' title='bbox 1035 1643 1144 1743; x_wconf 89' lang='lat' dir='ltr'><strong>quasi</strong></span> <span class='ocrx_word' id='word_1_56' title='bbox 1165 1644 1374 1742; x_wconf 89' lang='lat' dir='ltr'><strong>permulcet</strong></span> <span class='ocrx_word' id='word_1_57' title='bbox 1391 1644 1546 1744; x_wconf 88' lang='lat' dir='ltr'><strong>propria</strong></span> 
     </span>
     <span class='ocr_line' id='line_1_10' title="bbox 392 1769 1545 1870; baseline 0 -26"><span class='ocrx_word' id='word_1_58' title='bbox 392 1772 569 1869; x_wconf 78' lang='lat' dir='ltr'><strong>quaedam</strong></span> <span class='ocrx_word' id='word_1_59' title='bbox 581 1769 799 1846; x_wconf 90' lang='lat' dir='ltr'><strong>christianis</strong></span> <span class='ocrx_word' id='word_1_60' title='bbox 816 1769 1008 1870; x_wconf 90' lang='lat' dir='ltr'><strong>patientia,</strong></span> <span class='ocrx_word' id='word_1_61' title='bbox 1030 1769 1123 1845; x_wconf 90' lang='lat' dir='ltr'><strong>etin</strong></span> <span class='ocrx_word' id='word_1_62' title='bbox 1145 1769 1296 1844; x_wconf 89' lang='lat' dir='ltr'><strong>Damasi</strong></span> <span class='ocrx_word' id='word_1_63' title='bbox 1311 1769 1545 1844; x_wconf 84' lang='lat' dir='ltr'><strong>carminibus</strong></span> 
     </span>
     <span class='ocr_line' id='line_1_11' title="bbox 392 1894 1545 1994; baseline -0.003 -22"><span class='ocrx_word' id='word_1_64' title='bbox 392 1920 588 1972; x_wconf 92' lang='lat' dir='ltr'><strong>summum</strong></span> <span class='ocrx_word' id='word_1_65' title='bbox 603 1894 835 1972; x_wconf 80' lang='lat' dir='ltr'><strong>desidorium</strong></span> <span class='ocrx_word' id='word_1_66' title='bbox 867 1921 932 1994; x_wconf 90' lang='lat' dir='ltr'><strong>spe</strong></span> <span class='ocrx_word' id='word_1_67' title='bbox 951 1901 1054 1970; x_wconf 86' lang='lat' dir='ltr'><strong>certa</strong></span> <span class='ocrx_word' id='word_1_68' title='bbox 1074 1901 1110 1969; x_wconf 89' lang='lat' dir='ltr'><strong>et</strong></span> <span class='ocrx_word' id='word_1_69' title='bbox 1131 1894 1302 1970; x_wconf 88' lang='lat' dir='ltr'><strong>venturis</strong></span> <span class='ocrx_word' id='word_1_70' title='bbox 1333 1894 1418 1969; x_wconf 88' lang='lat' dir='ltr'><strong>coeli</strong></span> <span class='ocrx_word' id='word_1_71' title='bbox 1447 1921 1545 1994; x_wconf 74' lang='lat' dir='ltr'><strong>gau-</strong></span> 
     </span>
     <span class='ocr_line' id='line_1_12' title="bbox 393 2020 1546 2121; baseline -0.002 -25"><span class='ocrx_word' id='word_1_72' title='bbox 393 2023 465 2096; x_wconf 90' lang='lat' dir='ltr'><strong>diis</strong></span> <span class='ocrx_word' id='word_1_73' title='bbox 488 2021 649 2096; x_wconf 91' lang='lat' dir='ltr'><strong>lenitum</strong></span> <span class='ocrx_word' id='word_1_74' title='bbox 676 2021 939 2121; x_wconf 89' lang='lat' dir='ltr'><strong>perspicimus.</strong></span> <span class='ocrx_word' id='word_1_75' title='bbox 962 2065 1010 2078; x_wconf 90' lang='lat'><em>-</em></span> <span class='ocrx_word' id='word_1_76' title='bbox 1030 2020 1204 2095; x_wconf 92' lang='lat' dir='ltr'><strong>Nolimus</strong></span> <span class='ocrx_word' id='word_1_77' title='bbox 1223 2020 1337 2095; x_wconf 91' lang='lat' dir='ltr'><strong>etiam</strong></span> <span class='ocrx_word' id='word_1_78' title='bbox 1366 2022 1438 2094; x_wconf 92' lang='lat' dir='ltr'><strong>hoc</strong></span> <span class='ocrx_word' id='word_1_79' title='bbox 1460 2047 1546 2119; x_wconf 88' lang='lat' dir='ltr'><strong>per-</strong></span> 
     </span>
     <span class='ocr_line' id='line_1_13' title="bbox 394 2147 1548 2247; baseline 0.001 -25"><span class='ocrx_word' id='word_1_80' title='bbox 394 2155 550 2247; x_wconf 79' lang='lat' dir='ltr'><strong>gratum</strong></span> <span class='ocrx_word' id='word_1_81' title='bbox 565 2154 602 2222; x_wconf 88' lang='lat' dir='ltr'><strong>et</strong></span> <span class='ocrx_word' id='word_1_82' title='bbox 616 2165 744 2239; x_wconf 90' lang='lat' dir='ltr'><strong>suave,</strong></span> <span class='ocrx_word' id='word_1_83' title='bbox 766 2148 869 2247; x_wconf 94' lang='lat' dir='ltr'><strong>quod</strong></span> <span class='ocrx_word' id='word_1_84' title='bbox 888 2149 1043 2246; x_wconf 91' lang='lat' dir='ltr'><strong>posthac</strong></span> <span class='ocrx_word' id='word_1_85' title='bbox 1066 2148 1165 2221; x_wconf 88' lang='lat' dir='ltr'><strong>clam</strong></span> <span class='ocrx_word' id='word_1_86' title='bbox 1181 2147 1342 2220; x_wconf 87' lang='lat' dir='ltr'><strong>Damaso</strong></span> <span class='ocrx_word' id='word_1_87' title='bbox 1357 2147 1548 2246; x_wconf 82' lang='lat' dir='ltr'><strong>subripuit</strong></span> 
     </span>
     <span class='ocr_line' id='line_1_14' title="bbox 394 2271 1547 2373; baseline 0 -27"><span class='ocrx_word' id='word_1_88' title='bbox 394 2273 473 2373; x_wconf 89' lang='lat' dir='ltr'><strong>ipse</strong></span> <span class='ocrx_word' id='word_1_89' title='bbox 512 2271 776 2363; x_wconf 80' lang='lat' dir='ltr'><strong>Prudentius³,</strong></span> <span class='ocrx_word' id='word_1_90' title='bbox 812 2271 1005 2370; x_wconf 78' lang='lat' dir='ltr'><strong>praeterire</strong></span> <span class='ocrx_word' id='word_1_91' title='bbox 1041 2297 1209 2358; x_wconf 89' lang='lat' dir='ltr'><strong>carmen,</strong></span> <span class='ocrx_word' id='word_1_92' title='bbox 1250 2297 1326 2370; x_wconf 92' lang='lat' dir='ltr'><strong>quo</strong></span> <span class='ocrx_word' id='word_1_93' title='bbox 1364 2273 1547 2347; x_wconf 87' lang='lat' dir='ltr'><strong>Damasus</strong></span> 
     </span>
     <span class='ocr_line' id='line_1_15' title="bbox 394 2396 1547 2497; baseline -0.001 -25"><span class='ocrx_word' id='word_1_94' title='bbox 394 2397 514 2474; x_wconf 89' lang='lat' dir='ltr'><strong>sancti</strong></span> <span class='ocrx_word' id='word_1_95' title='bbox 544 2397 677 2472; x_wconf 90' lang='lat' dir='ltr'><strong>Felicis</strong></span> <span class='ocrx_word' id='word_1_96' title='bbox 701 2422 798 2496; x_wconf 83' lang='lat' dir='ltr'><strong>erga</strong></span> <span class='ocrx_word' id='word_1_97' title='bbox 823 2397 1049 2472; x_wconf 87' lang='lat' dir='ltr'><strong>christianos</strong></span> <span class='ocrx_word' id='word_1_98' title='bbox 1074 2396 1140 2497; x_wconf 94' lang='lat' dir='ltr'><strong>qui</strong></span> <span class='ocrx_word' id='word_1_99' title='bbox 1165 2398 1336 2497; x_wconf 90' lang='lat' dir='ltr'><strong>undique</strong></span> <span class='ocrx_word' id='word_1_100' title='bbox 1354 2399 1547 2472; x_wconf 91' lang='lat' dir='ltr'><strong>tumulum</strong></span> 
     </span>
     <span class='ocr_line' id='line_1_16' title="bbox 393 2523 1546 2623; baseline -0.001 -24"><span class='ocrx_word' id='word_1_101' title='bbox 393 2523 477 2623; x_wconf 88' lang='lat' dir='ltr'><strong>ejus</strong></span> <span class='ocrx_word' id='word_1_102' title='bbox 492 2530 673 2622; x_wconf 80' lang='lat' dir='ltr'><strong>rogantes</strong></span> <span class='ocrx_word' id='word_1_103' title='bbox 688 2523 855 2613; x_wconf 86' lang='lat' dir='ltr'><strong>adibant,</strong></span> <span class='ocrx_word' id='word_1_104' title='bbox 868 2523 1172 2598; x_wconf 85' lang='lat' dir='ltr'><strong>benevolentiam</strong></span> <span class='ocrx_word' id='word_1_105' title='bbox 1196 2524 1405 2622; x_wconf 88' lang='lat' dir='ltr'><strong>crebraque</strong></span> <span class='ocrx_word' id='word_1_106' title='bbox 1428 2525 1546 2598; x_wconf 88' lang='lat' dir='ltr'><strong>bene-</strong></span> 
     </span>
     <span class='ocr_line' id='line_1_17' title="bbox 394 2648 867 2750; baseline -0.002 -26"><span class='ocrx_word' id='word_1_107' title='bbox 394 2648 481 2726; x_wconf 88' lang='lat' dir='ltr'><strong>ficia</strong></span> <span class='ocrx_word' id='word_1_108' title='bbox 495 2649 706 2750; x_wconf 87' lang='lat' dir='ltr'><strong>exprimere</strong></span> <span class='ocrx_word' id='word_1_109' title='bbox 722 2656 841 2725; x_wconf 87' lang='lat' dir='ltr'><strong>tentat</strong></span> <span class='ocrx_word' id='word_1_110' title='bbox 859 2675 867 2723; x_wconf 94' lang='lat'><strong>:</strong></span> 
     </span>
    </p>
   </div>
   <div class='ocr_carea' id='block_1_2' title="bbox 515 2865 1419 2948">
    <p class='ocr_par' dir='ltr' id='par_1_3' title="bbox 515 2865 1419 2948">
     <span class='ocr_line' id='line_1_18' title="bbox 515 2865 1419 2948; baseline -0.001 -19"><span class='ocrx_word' id='word_1_111' title='bbox 515 2868 580 2930; x_wconf 89' lang='lat' dir='ltr'><strong>Nec</strong></span> <span class='ocrx_word' id='word_1_112' title='bbox 594 2884 788 2948; x_wconf 85' lang='lat' dir='ltr'><strong>quemquam</strong></span> <span class='ocrx_word' id='word_1_113' title='bbox 802 2867 919 2947; x_wconf 85' lang='lat' dir='ltr'><strong>pateris</strong></span> <span class='ocrx_word' id='word_1_114' title='bbox 937 2866 1062 2931; x_wconf 87' lang='lat' dir='ltr'><strong>tristem</strong></span> <span class='ocrx_word' id='word_1_115' title='bbox 1077 2868 1230 2946; x_wconf 90' lang='lat' dir='ltr'><strong>repedare</strong></span> <span class='ocrx_word' id='word_1_116' title='bbox 1244 2868 1383 2930; x_wconf 86' lang='lat' dir='ltr'><strong>viantem</strong></span> <span class='ocrx_word' id='word_1_117' title='bbox 1398 2865 1419 2928; x_wconf 76' lang='lat'><strong>⁸.</strong></span> 
     </span>
    </p>
   </div>
   <div class='ocr_carea' id='block_1_3' title="bbox 370 3064 1550 3914">
    <p class='ocr_par' dir='ltr' id='par_1_4' title="bbox 370 3064 1550 3914">
     <span class='ocr_line' id='line_1_19' title="bbox 370 3064 1549 3163; baseline 0 -25"><span class='ocrx_word' id='word_1_118' title='bbox 370 3127 371 3130; x_wconf 60' lang='grc'>,</span> <span class='ocrx_word' id='word_1_119' title='bbox 444 3064 528 3138; x_wconf 92' lang='lat' dir='ltr'><strong>Non</strong></span> <span class='ocrx_word' id='word_1_120' title='bbox 547 3067 619 3138; x_wconf 92' lang='lat' dir='ltr'><strong>hoc</strong></span> <span class='ocrx_word' id='word_1_121' title='bbox 637 3064 718 3163; x_wconf 93' lang='lat' dir='ltr'><strong>ipso</strong></span> <span class='ocrx_word' id='word_1_122' title='bbox 735 3065 908 3163; x_wconf 90' lang='lat' dir='ltr'><strong>leporeet</strong></span> <span class='ocrx_word' id='word_1_123' title='bbox 919 3064 1161 3163; x_wconf 86' lang='lat' dir='ltr'><strong>jucunditate</strong></span> <span class='ocrx_word' id='word_1_124' title='bbox 1177 3064 1432 3138; x_wconf 88' lang='lat' dir='ltr'><strong>devincuntur</strong></span> <span class='ocrx_word' id='word_1_125' title='bbox 1448 3064 1549 3162; x_wconf 87' lang='lat' dir='ltr'><strong>apud</strong></span> 
     </span>
     <span class='ocr_line' id='line_1_20' title="bbox 395 3189 1549 3289; baseline -0.002 -25"><span class='ocrx_word' id='word_1_126' title='bbox 395 3191 602 3265; x_wconf 90' lang='lat' dir='ltr'><strong>Damasum</strong></span> <span class='ocrx_word' id='word_1_127' title='bbox 627 3191 765 3265; x_wconf 90' lang='lat' dir='ltr'><strong>veritas</strong></span> <span class='ocrx_word' id='word_1_128' title='bbox 784 3197 821 3264; x_wconf 89' lang='lat' dir='ltr'><strong>at</strong></span> <span class='ocrx_word' id='word_1_129' title='bbox 847 3190 1051 3265; x_wconf 90' lang='lat' dir='ltr'><strong>auctoritas</strong></span> <span class='ocrx_word' id='word_1_130' title='bbox 1074 3190 1213 3289; x_wconf 91' lang='lat' dir='ltr'><strong>quibus</strong></span> <span class='ocrx_word' id='word_1_131' title='bbox 1241 3190 1409 3264; x_wconf 90' lang='lat' dir='ltr'><strong>eminent</strong></span> <span class='ocrx_word' id='word_1_132' title='bbox 1432 3189 1549 3288; x_wconf 91' lang='lat' dir='ltr'><strong>ipsius</strong></span> 
     </span>
     <span class='ocr_line' id='line_1_21' title="bbox 395 3314 1549 3413; baseline -0.001 -24"><span class='ocrx_word' id='word_1_133' title='bbox 395 3314 579 3389; x_wconf 91' lang='lat' dir='ltr'><strong>carmina.</strong></span> <span class='ocrx_word' id='word_1_134' title='bbox 603 3315 764 3389; x_wconf 84' lang='lat' dir='ltr'><strong>Collecta</strong></span> <span class='ocrx_word' id='word_1_135' title='bbox 787 3315 890 3389; x_wconf 92' lang='lat' dir='ltr'><strong>enim</strong></span> <span class='ocrx_word' id='word_1_136' title='bbox 912 3340 935 3390; x_wconf 98' lang='lat' dir='ltr'><strong>a</strong></span> <span class='ocrx_word' id='word_1_137' title='bbox 963 3314 1144 3389; x_wconf 90' lang='lat' dir='ltr'><strong>Romanis</strong></span> <span class='ocrx_word' id='word_1_138' title='bbox 1165 3314 1407 3413; x_wconf 87' lang='lat' dir='ltr'><strong>pontificibus</strong></span> <span class='ocrx_word' id='word_1_139' title='bbox 1439 3315 1549 3388; x_wconf 89' lang='lat' dir='ltr'><strong>tabu-</strong></span> 
     </span>
     <span class='ocr_line' id='line_1_22' title="bbox 396 3438 1549 3540; baseline 0 -26"><span class='ocrx_word' id='word_1_140' title='bbox 396 3440 492 3515; x_wconf 88' lang='lat' dir='ltr'><strong>laria</strong></span> <span class='ocrx_word' id='word_1_141' title='bbox 507 3440 646 3540; x_wconf 91' lang='lat' dir='ltr'><strong>quibus</strong></span> <span class='ocrx_word' id='word_1_142' title='bbox 680 3441 802 3516; x_wconf 85' lang='lat' dir='ltr'><strong>suerat</strong></span> <span class='ocrx_word' id='word_1_143' title='bbox 835 3439 913 3540; x_wconf 92' lang='lat' dir='ltr'><strong>ipse</strong></span> <span class='ocrx_word' id='word_1_144' title='bbox 943 3439 1198 3539; x_wconf 74' lang='lat' dir='ltr'><strong>praepcsitus5,</strong></span> <span class='ocrx_word' id='word_1_145' title='bbox 1223 3440 1290 3513; x_wconf 92' lang='lat' dir='ltr'><strong>diu</strong></span> <span class='ocrx_word' id='word_1_146' title='bbox 1318 3446 1354 3514; x_wconf 90' lang='lat' dir='ltr'><strong>et</strong></span> <span class='ocrx_word' id='word_1_147' title='bbox 1385 3438 1549 3514; x_wconf 90' lang='lat' dir='ltr'><strong>studiose</strong></span> 
     </span>
     <span class='ocr_line' id='line_1_23' title="bbox 398 3561 1550 3663; baseline -0.002 -25"><span class='ocrx_word' id='word_1_148' title='bbox 398 3571 676 3663; x_wconf 77' lang='lat' dir='ltr'><strong>perscrutatUS,</strong></span> <span class='ocrx_word' id='word_1_149' title='bbox 716 3588 763 3638; x_wconf 91' lang='lat' dir='ltr'><strong>ex</strong></span> <span class='ocrx_word' id='word_1_150' title='bbox 801 3563 1054 3662; x_wconf 82' lang='lat' dir='ltr'><strong>Exceptorum</strong></span> <span class='ocrx_word' id='word_1_151' title='bbox 1079 3561 1218 3637; x_wconf 86' lang='lat' dir='ltr'><strong>tabulis</strong></span> <span class='ocrx_word' id='word_1_152' title='bbox 1247 3561 1376 3635; x_wconf 89' lang='lat' dir='ltr'><strong>omnia</strong></span> <span class='ocrx_word' id='word_1_153' title='bbox 1408 3588 1494 3661; x_wconf 84' lang='lat' dir='ltr'><strong>quae</strong></span> <span class='ocrx_word' id='word_1_154' title='bbox 1528 3587 1550 3636; x_wconf 89' lang='lat' dir='ltr'><strong>a</strong></span> 
     </span>
     <span class='ocr_line' id='line_1_24' title="bbox 398 3687 1550 3788; baseline -0.002 -26"><span class='ocrx_word' id='word_1_155' title='bbox 398 3688 630 3788; x_wconf 82' lang='lat' dir='ltr'><strong>martyribus</strong></span> <span class='ocrx_word' id='word_1_156' title='bbox 658 3688 758 3763; x_wconf 92' lang='lat' dir='ltr'><strong>dicta</strong></span> <span class='ocrx_word' id='word_1_157' title='bbox 785 3689 844 3762; x_wconf 90' lang='lat' dir='ltr'><strong>vel</strong></span> <span class='ocrx_word' id='word_1_158' title='bbox 869 3696 953 3763; x_wconf 87' lang='lat' dir='ltr'><strong>acta</strong></span> <span class='ocrx_word' id='word_1_159' title='bbox 977 3687 1148 3777; x_wconf 85' lang='lat' dir='ltr'><strong>fuissent,</strong></span> <span class='ocrx_word' id='word_1_160' title='bbox 1171 3687 1431 3785; x_wconf 90' lang='lat' dir='ltr'><strong>perordinem</strong></span> <span class='ocrx_word' id='word_1_161' title='bbox 1463 3712 1550 3786; x_wconf 91' lang='lat' dir='ltr'><strong>per-</strong></span> 
     </span>
     <span class='ocr_line' id='line_1_25' title="bbox 397 3813 1550 3914; baseline -0.003 -26"><span class='ocrx_word' id='word_1_162' title='bbox 397 3813 508 3912; x_wconf 86' lang='lat' dir='ltr'><strong>cepit,</strong></span> <span class='ocrx_word' id='word_1_163' title='bbox 526 3814 835 3914; x_wconf 88' lang='lat' dir='ltr'><strong>carminibusque</strong></span> <span class='ocrx_word' id='word_1_164' title='bbox 864 3814 943 3888; x_wconf 92' lang='lat' dir='ltr'><strong>suis</strong></span> <span class='ocrx_word' id='word_1_165' title='bbox 968 3813 1132 3888; x_wconf 89' lang='lat' dir='ltr'><strong>inclusit.</strong></span> <span class='ocrx_word' id='word_1_166' title='bbox 1163 3814 1292 3912; x_wconf 90' lang='lat' dir='ltr'><strong>Neque</strong></span> <span class='ocrx_word' id='word_1_167' title='bbox 1325 3815 1397 3887; x_wconf 92' lang='lat' dir='ltr'><strong>hoc</strong></span> <span class='ocrx_word' id='word_1_168' title='bbox 1427 3813 1550 3887; x_wconf 91' lang='lat' dir='ltr'><strong>solum</strong></span> 
     </span>
    </p>
   </div>
   <div class='ocr_carea' id='block_1_4' title="bbox 397 4162 1568 4742">
    <p class='ocr_par' dir='ltr' id='par_1_5' title="bbox 432 4162 1250 4234">
     <span class='ocr_line' id='line_1_26' title="bbox 432 4162 1250 4234; baseline -0.001 -17"><span class='ocrx_word' id='word_1_169' title='bbox 432 4171 454 4218; x_wconf 90' lang='lat'><strong>1.</strong></span> <span class='ocrx_word' id='word_1_170' title='bbox 470 4162 560 4218; x_wconf 84' lang='lat' dir='ltr'><strong>Sancti</strong></span> <span class='ocrx_word' id='word_1_171' title='bbox 575 4167 687 4216; x_wconf 80' lang='lat' dir='ltr'><strong>Damnst</strong></span> <span class='ocrx_word' id='word_1_172' title='bbox 699 4164 877 4231; x_wconf 73' lang='lat' dir='ltr'><strong>Epitaphium</strong></span> <span class='ocrx_word' id='word_1_173' title='bbox 895 4162 1028 4234; x_wconf 81' lang='lat' dir='ltr'><strong>Projsctae,</strong></span> <span class='ocrx_word' id='word_1_174' title='bbox 1042 4178 1150 4218; x_wconf 82' lang='lat' dir='ltr'><strong>carmen</strong></span> <span class='ocrx_word' id='word_1_175' title='bbox 1161 4179 1250 4219; x_wconf 79' lang='lat' dir='ltr'><strong>xxxii.</strong></span> 
     </span>
    </p>

    <p class='ocr_par' dir='ltr' id='par_1_6' title="bbox 433 4248 1300 4315">
     <span class='ocr_line' id='line_1_27' title="bbox 433 4248 1300 4315; baseline -0.003 -12"><span class='ocrx_word' id='word_1_176' title='bbox 433 4257 458 4302; x_wconf 81' lang='lat' dir='ltr'><strong>t.</strong></span> <span class='ocrx_word' id='word_1_177' title='bbox 474 4248 566 4303; x_wconf 80' lang='lat' dir='ltr'><strong>Sancti</strong></span> <span class='ocrx_word' id='word_1_178' title='bbox 583 4253 695 4301; x_wconf 81' lang='lat' dir='ltr'><strong>Damasi</strong></span> <span class='ocrx_word' id='word_1_179' title='bbox 706 4250 882 4315; x_wconf 69' lang='lat' dir='ltr'><strong>Epitaphium</strong></span> <span class='ocrx_word' id='word_1_180' title='bbox 895 4251 981 4303; x_wconf 83' lang='lat' dir='ltr'><strong>irenes</strong></span> <span class='ocrx_word' id='word_1_181' title='bbox 992 4248 1099 4310; x_wconf 86' lang='lat' dir='ltr'><strong>sororis,</strong></span> <span class='ocrx_word' id='word_1_182' title='bbox 1108 4264 1213 4303; x_wconf 85' lang='lat' dir='ltr'><strong>carmen</strong></span> <span class='ocrx_word' id='word_1_183' title='bbox 1224 4264 1300 4302; x_wconf 79' lang='lat' dir='ltr'><strong>xxxi.</strong></span> 
     </span>
    </p>

    <p class='ocr_par' dir='ltr' id='par_1_7' title="bbox 397 4332 1568 4474">
     <span class='ocr_line' id='line_1_28' title="bbox 429 4332 1568 4405; baseline 0 -19"><span class='ocrx_word' id='word_1_184' title='bbox 429 4338 452 4386; x_wconf 80' lang='grc'><strong>3.</strong></span> <span class='ocrx_word' id='word_1_185' title='bbox 471 4332 607 4387; x_wconf 83' lang='lat' dir='ltr'><strong>Prudentii</strong></span> <span class='ocrx_word' id='word_1_186' title='bbox 616 4337 838 4402; x_wconf 69' lang='lat' dir='ltr'><strong>peristephanon,</strong></span> <span class='ocrx_word' id='word_1_187' title='bbox 853 4335 948 4405; x_wconf 89' lang='lat' dir='ltr'><strong>hymn.</strong></span> <span class='ocrx_word' id='word_1_188' title='bbox 960 4351 993 4400; x_wconf 87' lang='lat' dir='ltr'><strong>u,</strong></span> <span class='ocrx_word' id='word_1_189' title='bbox 1006 4341 1100 4389; x_wconf 82' lang='lat' dir='ltr'><strong>Passio</strong></span> <span class='ocrx_word' id='word_1_190' title='bbox 1122 4341 1213 4390; x_wconf 80' lang='lat' dir='ltr'><strong>Sancti</strong></span> <span class='ocrx_word' id='word_1_191' title='bbox 1236 4340 1461 4401; x_wconf 65' lang='lat' dir='ltr'><strong>recreaturus.</strong></span> <span class='ocrx_word' id='word_1_192' title='bbox 1482 4341 1529 4388; x_wconf 76' lang='grc'><strong>386</strong></span> <span class='ocrx_word' id='word_1_193' title='bbox 1561 4353 1568 4386; x_wconf 90' lang='lat'>:</span> 
     </span>
     <span class='ocr_line' id='line_1_29' title="bbox 397 4417 832 4474; baseline 0.009 -5"><span class='ocrx_word' id='word_1_194' title='bbox 397 4445 410 4469; x_wconf 68' lang='lat' dir='ltr'><strong>a</strong></span> <span class='ocrx_word' id='word_1_195' title='bbox 428 4422 461 4474; x_wconf 87' lang='lat' dir='ltr'><strong>Et</strong></span> <span class='ocrx_word' id='word_1_196' title='bbox 470 4417 542 4472; x_wconf 87' lang='lat' dir='ltr'><strong>tritis</strong></span> <span class='ocrx_word' id='word_1_197' title='bbox 553 4417 625 4471; x_wconf 89' lang='lat' dir='ltr'><strong>haud</strong></span> <span class='ocrx_word' id='word_1_198' title='bbox 639 4417 713 4472; x_wconf 88' lang='lat' dir='ltr'><strong>ullus</strong></span> <span class='ocrx_word' id='word_1_199' title='bbox 727 4417 805 4474; x_wconf 88' lang='lat' dir='ltr'><strong>redit.</strong></span> <span class='ocrx_word' id='word_1_200' title='bbox 819 4441 832 4466; x_wconf 74' lang='lat' dir='ltr'><strong>r</strong></span> 
     </span>
    </p>

    <p class='ocr_par' dir='ltr' id='par_1_8' title="bbox 431 4501 1118 4559">
     <span class='ocr_line' id='line_1_30' title="bbox 431 4501 1118 4559; baseline -0.003 -1"><span class='ocrx_word' id='word_1_201' title='bbox 431 4511 456 4558; x_wconf 93' lang='grc'><strong>4.</strong></span> <span class='ocrx_word' id='word_1_202' title='bbox 471 4502 561 4556; x_wconf 85' lang='lat' dir='ltr'><strong>Sancti</strong></span> <span class='ocrx_word' id='word_1_203' title='bbox 573 4501 680 4556; x_wconf 82' lang='lat' dir='ltr'><strong>Damasi</strong></span> <span class='ocrx_word' id='word_1_204' title='bbox 693 4508 732 4556; x_wconf 83' lang='lat' dir='ltr'><strong>Dc</strong></span> <span class='ocrx_word' id='word_1_205' title='bbox 744 4505 933 4558; x_wconf 66' lang='lat' dir='ltr'><strong>sanctoruni</strong></span> <span class='ocrx_word' id='word_1_206' title='bbox 952 4519 1059 4558; x_wconf 85' lang='lat' dir='ltr'><strong>carmen</strong></span> <span class='ocrx_word' id='word_1_207' title='bbox 1071 4519 1118 4559; x_wconf 83' lang='lat' dir='ltr'><strong>xv.</strong></span> 
     </span>
    </p>

    <p class='ocr_par' dir='ltr' id='par_1_9' title="bbox 401 4585 1550 4742">
     <span class='ocr_line' id='line_1_31' title="bbox 430 4585 1550 4654; baseline -0.003 -12"><span class='ocrx_word' id='word_1_208' title='bbox 430 4597 455 4642; x_wconf 85' lang='lat'><strong>5.</strong></span> <span class='ocrx_word' id='word_1_209' title='bbox 470 4585 565 4640; x_wconf 85' lang='lat' dir='ltr'><strong>Labbai</strong></span> <span class='ocrx_word' id='word_1_210' title='bbox 576 4587 702 4654; x_wconf 69' lang='lat' dir='ltr'><strong>coactio,</strong></span> <span class='ocrx_word' id='word_1_211' title='bbox 715 4591 735 4640; x_wconf 91' lang='lat' dir='ltr'><strong>t.</strong></span> <span class='ocrx_word' id='word_1_212' title='bbox 745 4588 766 4648; x_wconf 90' lang='grc' dir='ltr'><strong>Ι,</strong></span> <span class='ocrx_word' id='word_1_213' title='bbox 775 4587 824 4640; x_wconf 90' lang='lat' dir='ltr'><strong>eol.</strong></span> <span class='ocrx_word' id='word_1_214' title='bbox 835 4593 906 4642; x_wconf 88' lang='grc'>4444.</span> <span class='ocrx_word' id='word_1_215' title='bbox 918 4588 1047 4642; x_wconf 85' lang='lat' dir='ltr'><strong>-Sancti</strong></span> <span class='ocrx_word' id='word_1_216' title='bbox 1057 4587 1162 4642; x_wconf 84' lang='lat' dir='ltr'><strong>Damasi</strong></span> <span class='ocrx_word' id='word_1_217' title='bbox 1169 4601 1275 4642; x_wconf 83' lang='lat' dir='ltr'><strong>carmen</strong></span> <span class='ocrx_word' id='word_1_218' title='bbox 1285 4604 1405 4641; x_wconf 72' lang='grc' dir='ltr'>ων.-</span> <span class='ocrx_word' id='word_1_219' title='bbox 1415 4586 1550 4650; x_wconf 85' lang='lat' dir='ltr'><strong>Merenda,</strong></span> 
     </span>
     <span class='ocr_line' id='line_1_32' title="bbox 401 4669 1254 4742; baseline -0.002 -16"><span class='ocrx_word' id='word_1_220' title='bbox 401 4673 434 4727; x_wconf 82' lang='lat' dir='ltr'><strong>ad</strong></span> <span class='ocrx_word' id='word_1_221' title='bbox 449 4685 527 4742; x_wconf 81' lang='lat' dir='ltr'><strong>opera</strong></span> <span class='ocrx_word' id='word_1_222' title='bbox 539 4669 622 4724; x_wconf 88' lang='lat' dir='ltr'><strong>sancti</strong></span> <span class='ocrx_word' id='word_1_223' title='bbox 635 4672 740 4726; x_wconf 86' lang='lat' dir='ltr'><strong>Damasi</strong></span> <span class='ocrx_word' id='word_1_224' title='bbox 756 4672 914 4741; x_wconf 69' lang='lat' dir='ltr'><strong>prolegom„</strong></span> <span class='ocrx_word' id='word_1_225' title='bbox 929 4690 950 4724; x_wconf 86' lang='lat' dir='ltr'><strong>c.</strong></span> <span class='ocrx_word' id='word_1_226' title='bbox 969 4682 997 4727; x_wconf 79' lang='lat' dir='ltr'><strong>ta</strong></span> <span class='ocrx_word' id='word_1_227' title='bbox 1012 4675 1126 4740; x_wconf 83' lang='lat' dir='ltr'><strong>(Potrot.</strong></span> <span class='ocrx_word' id='word_1_228' title='bbox 1138 4675 1188 4726; x_wconf 89' lang='lat' dir='ltr'><strong>lot.</strong></span> <span class='ocrx_word' id='word_1_229' title='bbox 1205 4677 1254 4740; x_wconf 81' lang='grc'>43).</span> 
     </span>
    </p>
   </div>
   <div class='ocr_carea' id='block_1_5' title="bbox 0 0 1803 5668">
    <p class='ocr_par' dir='ltr' id='par_1_10' title="bbox 0 0 1803 5668">
     <span class='ocr_line' id='line_1_33' title="bbox 0 0 1803 5668; baseline 0 0"><span class='ocrx_word' id='word_1_230' title='bbox 0 0 1803 5668; x_wconf 95' lang='lat' dir='ltr'><strong> </strong></span> 
     </span>
    </p>
   </div>
  </div>
 </body>
</html>
