3592 5668
885 572 1063 638 ..52-

398 716 602 813 insumpsit
633 716 763 805 vitam,
797 722 835 789 et
872 715 984 815 cujus
1026 714 1138 789 laude
1176 715 1291 789 ceteri
1328 721 1433 806 vates
1476 713 1559 786 lere

398 845 627 917 obruuntur.

446 969 651 1043 Videamus
680 992 776 1066 ergo
802 967 895 1065 quid
935 965 975 1039 in
1004 972 1165 1065 utroque
1194 968 1254 1040 vel
1287 965 1468 1066 probetur
1495 963 1554 1036 vel

399 1095 606 1194 displiceat,
627 1101 711 1168 uter
724 1094 800 1166 utri
816 1100 980 1190 prestet,
998 1097 1064 1167 aut
1082 1093 1207 1191 potius
1224 1117 1300 1190 qua
1315 1100 1420 1190 parte
1440 1091 1553 1165 vicis-

371 1311 373 1316 ,
400 1222 473 1296 sim
487 1223 583 1295 alter
597 1221 759 1294 alterum
779 1217 918 1293 vincat.

449 1336 599 1421 Eminet
622 1344 785 1420 enimin
810 1344 874 1417 illo
897 1346 943 1418 de
968 1351 1098 1419 sancta
1116 1346 1267 1443 Agnete
1291 1345 1461 1418 carmine
1481 1345 1551 1417 Da-

401 1473 496 1546 masi
524 1473 643 1546 nostri
664 1471 882 1570 ingenium,
906 1468 1044 1544 atinde
1064 1495 1197 1544 omnes
1213 1469 1352 1569 quibus
1373 1469 1552 1568 praeditus

400 1604 480 1672 erat
507 1598 629 1689 dotes,
658 1595 767 1696 quasi
794 1595 833 1669 in
865 1621 989 1670 unum
1014 1596 1203 1686 collectae,
1229 1595 1442 1694 perspicere
1457 1595 1551 1668 licet.

401 1724 476 1797 Nos
494 1723 597 1796 enim
617 1724 804 1820 extemplo
830 1722 939 1821 quasi
962 1720 1089 1796 media
1112 1722 1211 1820 rapit
1234 1721 1273 1794 in
1302 1722 1367 1795 illa
1385 1721 1554 1820 lugenda

400 1857 583 1946 tempora,
622 1850 762 1948 quibus
796 1850 1035 1923 vexabantur
1070 1848 1284 1946 apaganis
1320 1847 1553 1946 principibus

400 1975 611 2067 christiani,
643 1984 754 2051 etex
787 1975 870 2074 ejus
898 1974 1133 2049 carminibus
1163 1998 1295 2047 vocem
1323 1974 1553 2048 horrendam

401 2103 605 2200 tubaeque
634 2126 758 2200 praeco
788 2101 982 2175 sedentem
1009 2099 1305 2199 adjudicandos
1329 2099 1553 2175 christianos

402 2228 604 2326 praesulem
626 2224 900 2310 denuntiabat,
930 2225 1041 2298 nobis
1068 2225 1245 2299 videmur
1272 2222 1466 2300 exaudire.
1500 2225 1553 2298 En

402 2353 526 2426 subito
540 2354 728 2450 Agnetem
748 2350 953 2449 aspicimus
969 2377 988 2424 e
1003 2361 1205 2448 parentum
1224 2358 1262 2426 et
1278 2351 1437 2425 nutricis
1453 2353 1553 2449 elap-

402 2503 484 2552 sam
505 2475 668 2575 gremio,
693 2483 931 2575 stantemque
951 2483 1039 2549 ante
1058 2477 1260 2573 praesulem
1278 2475 1551 2550 christianam:

402 2629 441 2677 se
466 2603 557 2675 deos
581 2603 770 2675 culturam
794 2609 924 2700 negat,
947 2607 984 2674 et
1012 2602 1060 2675 ad
1084 2603 1240 2676 bustum
1265 2602 1424 2700 rapitur.
1450 2603 1555 2676 Tunc

402 2726 592 2826 singulari
615 2727 779 2826 quodam
801 2733 850 2815 et,
877 2726 908 2798 si
933 2726 1058 2800 dicere
1081 2726 1179 2815 licet,
1207 2727 1317 2824 quasi
1336 2751 1452 2800 aureo
1476 2751 1555 2800 car-

403 2854 519 2945 mine,
538 2853 668 2927 omnia
685 2878 770 2951 quae
783 2859 888 2926 tanto
903 2852 943 2924 in
959 2853 1167 2927 certamine
1182 2861 1337 2951 experta
1351 2851 1400 2928 sit
1412 2855 1554 2952 Agnes,

402 2981 450 3054 ad
482 2979 614 3054 vivum
646 2984 759 3076 poeta
786 2977 910 3052 reddit
941 3003 949 3051 :
983 2979 1218 3076 pavefactam
1245 2977 1387 3054 scilicet
1414 2975 1558 3053 incensi

403 3106 504 3180 busti
532 3102 700 3179 flammis
730 3104 918 3202 puellam,
955 3104 1221 3202 divulsamque
1249 3104 1288 3176 in
1326 3105 1559 3179 contrarium

403 3256 525 3329 quum
550 3228 688 3327 pietate
713 3253 809 3327 erga
826 3226 950 3302 Deum
979 3227 1145 3327 ingenti,
1169 3235 1252 3302 tum
1279 3230 1448 3305 florentis
1474 3230 1560 3306 vita
1672 3287 1677 3290 -

405 3353 591 3429 illecebris
614 3360 650 3426 et
675 3352 850 3452 supplicii
870 3378 1022 3451 pavore,
1042 3359 1222 3452 tantoque
1250 3355 1457 3430 certamine
1490 3353 1560 3430 sub

403 3487 552 3579 pectore
573 3479 682 3578 quasi
714 3480 931 3570 laceratam,
953 3485 992 3551 at
1019 3485 1147 3552 tamen
1172 3489 1296 3556 tantos
1317 3506 1561 3580 compescen-

403 3614 480 3681 tem
516 3605 636 3679 animi
668 3606 869 3706 tumultuS,
903 3629 1121 3704 rogumque
1155 3607 1436 3705 despicientem.
1470 3606 1560 3693 Quae

404 3731 588 3804 Damasus
618 3752 694 3804 non
729 3730 855 3805 verbis
890 3738 1039 3805 tantum
1064 3741 1100 3806 et
1132 3759 1248 3808 sensu
1272 3733 1464 3832 exprimit,
1495 3733 1560 3806 sed

403 3854 555 3954 proprio
603 3855 716 3929 etiam
744 3855 927 3930 carminis
958 3864 1093 3947 motu;
1134 3857 1218 3932 citis
1263 3857 1366 3933 enim
1409 3857 1560 3933 stabiles

404 3981 601 4079 spondaeos
619 3980 777 4079 dactylis
793 3981 958 4079 subjicit,
978 3982 1200 4082 junctisque
1215 3983 1267 4057 ita
1282 3983 1411 4082 longis
1434 3982 1560 4057 brevi-

404 4109 550 4206 busque
572 4105 745 4204 pedibuS,
777 4105 945 4180 vicissim
974 4115 1010 4182 et
1033 4133 1194 4208 segnem
1216 4116 1400 4184 terrorem
1421 4117 1458 4183 et
1481 4110 1560 4184 ala-

404 4258 486 4308 cres
501 4231 589 4307 fidei
604 4258 648 4306 ac
661 4232 741 4330 spei
755 4232 918 4330 impetus
934 4233 1086 4308 exhibet
1097 4235 1118 4306 ¹.
1134 4235 1216 4320 Quo
1232 4260 1323 4309 sane
1335 4231 1374 4308 in
1392 4234 1560 4309 carmine

439 4567 448 4610 1
480 4555 570 4611 Sancti
583 4555 689 4608 Damasi
706 4557 739 4608 de
756 4561 854 4611 Sancta
868 4563 963 4623 Aceste
976 4565 1105 4627 martyre,
1117 4575 1226 4614 carmen
1236 4569 1314 4615 xxix.

587 4659 599 4686 u
618 4641 699 4692 Fama
713 4640 791 4694 refert
802 4646 906 4695 sanctos
919 4643 1022 4696 dudum
1037 4644 1159 4698 retulisse
1175 4651 1296 4714 parentes
1339 4678 1342 4684 ·
