3592 5668
726 646 902 713 ..75-

237 786 356 861 sancti
374 786 597 885 Hieronymi
611 787 787 885 quamvis
799 786 999 884 asperrimi
1012 793 1051 860 et
1064 786 1248 860 fastidiosi
1257 787 1390 861 lauda-

236 912 357 989 tiones
372 914 531 1014 adeptus
541 920 609 987 est.
618 917 746 1011 Neque
756 912 915 988 eximias
923 919 1108 1010 practerea
1120 913 1238 1002 dotes,
1248 911 1389 1012 quibus

236 1047 345 1138 pocta
357 1046 515 1127 constat,
527 1062 672 1136 negare
680 1039 841 1115 Damaso
856 1037 1021 1116 neminis
1033 1063 1207 1137 unquam
1222 1038 1261 1112 in
1278 1055 1389 1112 men-

235 1172 313 1239 tem
350 1164 477 1239 veniet
503 1191 511 1238 :
540 1161 690 1262 ingenii
713 1163 857 1240 scilicet
878 1164 1077 1262 impetum,
1106 1165 1260 1238 mollem
1303 1164 1388 1238 aoi-

236 1311 345 1363 mum
372 1296 409 1364 et
441 1297 562 1365 artem
590 1286 795 1387 illamqua
822 1288 976 1388 pictoris
1004 1289 1166 1364 aemulus
1180 1289 1224 1363 fit
1249 1295 1384 1387 poeta;

236 1439 352 1514 quam
379 1413 535 1514 quidem
553 1419 689 1501 artem,
714 1413 814 1489 siout
826 1413 910 1513 jam
927 1413 1175 1504 ostendimus,
1190 1415 1301 1489 callet
1318 1415 1388 1488 Da-

237 1563 380 1615 masus.

286 1654 469 1763 Longum
485 1689 582 1764 ergo
599 1669 648 1741 de
661 1662 895 1762 martyribus
923 1687 1092 1754 carmen,
1122 1665 1224 1763 quod
1244 1663 1389 1738 salicis-

236 1788 333 1863 sime
359 1789 593 1881 absolvisset,
621 1790 808 1867 conficere
828 1788 1015 1863 Damasus
1034 1789 1175 1878 noluit3
1208 1813 1279 1863 nec
1312 1789 1390 1863 im-

236 1914 385 2004 merite,
403 1916 476 1990 hoc
493 1915 597 1989 enim
612 1914 785 1992 nonnisi
804 1913 844 1988 in
872 1915 1071 1989 doctorum
1091 1923 1128 1988 ct
1152 1914 1389 1989 eruditorum

237 2040 416 2115 manibus
425 2048 618 2117 versatum
635 2047 743 2131 esset,
754 2046 869 2139 atque
883 2064 931 2114 ex
942 2039 1006 2112 illo
1027 2040 1173 2122 nullam
1188 2039 1388 2115 utilitatem

237 2164 437 2264 carpsisset
459 2166 712 2242 christianum
727 2167 883 2263 vulgus
907 2164 1040 2239 Maluit
1058 2165 1224 2239 humiles
1249 2172 1286 2239 et
1307 2167 1388 2263 ple-

236 2292 325 2365 bem
344 2292 478 2367 docerc
498 2291 701 2390 inglorius,
720 2289 1093 2388 christianorumque
1106 2290 1227 2388 vulgo
1241 2290 1390 2364 animos

238 2415 387 2514 erigere
424 2416 464 2489 in
500 2417 634 2506 altum,
668 2440 785 2515 quam
812 2416 915 2514 apud
951 2416 1050 2498 solos
1082 2415 1252 2490 eruditos
1277 2413 1390 2514 juxta

237 2539 447 2631 Sedulium,
478 2567 528 2616 ne
561 2566 677 2644 supra
707 2541 846 2630 dicam,
875 2538 1004 2629 locari,
1028 2546 1068 2613 et
1086 2564 1273 2637 magnam
1290 2540 1389 2614 inter

236 2673 342 2741 vates
355 2667 526 2741 obtinere
546 2668 701 2743 samam.
725 2668 775 2743 Ut
792 2693 816 2742 a
835 2666 1011 2766 pluribus
1026 2667 1234 2758 audiretur,
1255 2691 1390 2742 versus

237 2817 326 2866 suos
350 2817 427 2866 non
447 2792 589 2867 chartis
618 2791 891 2882 alexandrinis,
913 2817 991 2866 non
1009 2791 1255 2891 pergamenis
1273 2816 1390 2866 mem-

237 2917 380 3008 branis
397 2943 483 3016 quae
510 2943 587 2991 non
603 2916 677 2992 nisi
706 2942 917 3017 paucorum
937 2916 977 2991 in
1007 2916 1185 2992 manibus
1213 2917 1387 3007 fuissent,

238 3042 304 3116 sed
335 3043 574 3117 tumulorum
592 3042 632 3116 in
652 3042 855 3141 lapidibus,
880 3041 969 3116 imis
999 3043 1072 3117 sub
1089 3043 1243 3141 cryptis,
1267 3043 1391 3117 consi-

240 3167 388 3266 gnavit.

285 3293 419 3369 Jussus
451 3295 556 3369 enim
585 3320 609 3369 a
641 3296 802 3370 Damaso
827 3294 1011 3370 diaeonus
1033 3293 1190 3395 quidam
1222 3295 1390 3370 ecclesie

238 3419 419 3493 Romana
449 3419 514 3518 qui
537 3419 740 3494 marmoris
762 3417 955 3494 incidendi
978 3421 1137 3500 callebat
1167 3428 1300 3512 artem,
1326 3419 1390 3494 Fi—

238 3545 309 3617 dus
338 3542 480 3618 scilicet
520 3542 721 3644 Dionysius
757 3544 986 3633 PhilocaluS,
1027 3544 1137 3643 cujus
1171 3570 1311 3619 nomen
1349 3546 1388 3618 in

238 3664 362 3741 lucem
383 3693 505 3767 nuper
534 3669 699 3766 prodidit
731 3668 840 3744 Rossi
861 3668 942 3743 ille¹
966 3669 1148 3743 intereos
1171 3669 1238 3768 qui
1258 3671 1303 3743 de
1322 3694 1389 3742 ve·

239 3801 363 3866 terum
389 3793 648 3868 monumentis
669 3801 706 3868 et
725 3792 913 3870 industria
930 3793 1126 3892 disputant
1149 3795 1266 3892 longe
1283 3793 1390 3892 prin-

238 3942 337 4016 ceps,
356 3925 569 4017 martyrum
588 3920 756 3992 tumulos
771 3919 960 3994 columnis
983 3918 1197 4019 crustisque
1217 3943 1392 3993 marmo-
1441 3916 1449 3936 ‘

238 4040 313 4114 reis
333 4041 541 4131 exornavit,
570 4050 612 4115 ut
643 4041 693 4115 ibi
725 4041 876 4116 Damasi
902 4042 1092 4140 pontificis
1118 4068 1252 4117 versus
1267 4041 1390 4117 amica

239 4189 356 4240 manu
376 4163 571 4240 incideret.
601 4166 678 4241 Nec
697 4191 741 4242 ea
766 4167 923 4266 quidem
940 4168 980 4242 in
1007 4191 1198 4244 marmore
1222 4167 1340 4242 solitis
1354 4174 1392 4242 et

273 4530 296 4574 1.
314 4525 350 4577 Da
364 4521 448 4584 nossi,
462 4527 541 4576 Romo
555 4527 723 4578 sotterronea
733 4524 893 4586 christiana,
906 4529 925 4579 t
937 4529 959 4590 1,
970 4541 998 4596 p.
1013 4534 1070 4590 119,
1083 4534 1130 4580 110
1139 4547 1147 4593 ;
1156 4530 1177 4581 t.
1190 4529 1224 4593 11,
1233 4542 1260 4596 p.
1276 4535 1318 4590 25,
1328 4536 1384 4594 196,

240 4615 296 4661 199.
316 4637 346 4646 -
366 4607 466 4661 nollet.
477 4608 624 4674 arcteouy.
635 4611 785 4670 cbristtcn„
799 4617 834 4661 1το
846 4610 938 4670 annea,
953 4627 976 4680 p.
995 4617 1078 4664 18.-
1093 4615 1223 4680 Inscript.
1234 4613 1388 4674 christion„

238 4697 256 4744 t.
273 4694 291 4751 l,
304 4707 328 4763 p.
342 4699 380 4744 59,
