3592 5668
905 675 947 686 ..
966 635 1011 703 aa
1036 673 1080 687 ..

413 780 529 858 fuisse
540 781 573 854 ¹?
587 779 688 868 Quid
707 779 850 855 mirum
874 779 990 854 etiam
1008 778 1042 854 si
1051 777 1289 869 Valerianus,
1306 778 1373 877 qui
1391 779 1573 878 tempori-

410 907 486 982 bus
519 906 611 980 Sixti
648 904 830 983 Romanis
865 905 980 979 rebus
1010 913 1188 1002 praerat,
1237 904 1457 1002 pontificem
1502 906 1574 980 ob-

413 1039 593 1114 truncare
608 1029 786 1108 maluerit
799 1054 918 1128 quam
934 1036 1078 1104 temere
1092 1029 1346 1106 christianum
1356 1031 1502 1128 vulgus
1511 1053 1573 1104 oo-

413 1161 568 1238 cidere?

464 1288 596 1386 Neque
610 1285 657 1361 de
674 1285 753 1360 solo
768 1284 885 1374 sixto,
904 1291 944 1360 at
959 1284 1008 1360 de
1025 1284 1205 1360 Marcello
1214 1285 1331 1359 etiam
1345 1293 1383 1359 et
1395 1283 1570 1376 Eusebia

414 1413 480 1512 qui
500 1411 668 1488 vicissim
688 1411 727 1486 in
745 1411 847 1487 Urbe
863 1410 1057 1500 sederunt,
1075 1411 1347 1486 benemeritus
1364 1417 1421 1484 est
1438 1410 1572 1484 Dama-

413 1565 511 1614 sus:
543 1539 660 1614 rafert
684 1537 789 1612 enirn
808 1535 949 1636 quihus
968 1536 1022 1611 illi
1060 1536 1244 1636 exagitati
1276 1535 1466 1634 procelliS,
1498 1561 1572 1634 qua

416 1662 588 1740 mulctati
606 1687 720 1761 poena
741 1663 897 1756 suerint,
922 1668 960 1736 et
986 1661 1041 1740 sio
1058 1688 1128 1738 nos
1143 1664 1190 1737 de
1211 1662 1326 1737 rebus
1350 1659 1574 1737 ecclesiasti·
1640 1690 1648 1698 ·

417 1788 483 1878 cis,
502 1788 768 1887 quaequidam,
785 1789 859 1865 nisi
875 1789 1072 1879 adfuisset,
1092 1788 1205 1886 plane
1224 1787 1467 1886 effugissent,
1486 1809 1574 1885 gra-

417 1920 476 1992 tos
487 1921 526 1988 et
537 1913 677 1995 inscios
694 1923 839 1990 monet.

431 2115 433 2120 ,
467 2039 714 2137 Conpertum
738 2040 844 2121 enim
873 2040 1032 2115 minime
1050 2040 1288 2115 habebamus
1301 2038 1408 2139 quid,
1432 2035 1572 2112 relictis

415 2163 688 2246 uDiooletiano
703 2192 835 2244 rerum
850 2145 1025 2257 habenis,
1044 2167 1084 2241 in
1118 2168 1217 2240 Urbe
1241 2165 1460 2240 christianis
1478 2166 1576 2239 acci·-

419 2292 615 2393 dentque
626 2293 757 2370 animo
774 2295 815 2368 in
832 2319 896 2370 cos
912 2320 1006 2370 usus
1016 2294 1065 2369 sit
1080 2295 1310 2384 Maxentius,
1324 2317 1445 2393 quum
1459 2291 1577 2389 impe-

419 2416 535 2506 rium,
561 2415 787 2517 priusquam
802 2419 1052 2496 Constantino
1070 2420 1227 2493 fortuna
1240 2418 1395 2508 faverit,
1420 2417 1460 2490 in
1478 2417 1577 2490 Urbe

420 2550 566 2620 teneret
577 2541 603 2618 ².
645 2544 698 2617 De
736 2546 810 2620 hac
845 2571 887 2620 re
919 2545 1142 2644 tacent·qui
1171 2543 1454 2620 ecclesiasticos·
1486 2567 1577 2617 con-

420 2667 656 2765 scripserunt
674 2671 847 2761 annales,
872 2679 909 2746 et
925 2671 1113 2746 Eusebius
1142 2669 1235 2769 ipse,
1258 2668 1436 2769 quamvis
1459 2669 1580 2742 multa

421 2793 469 2874 de
492 2792 725 2888 christiania,
742 2822 865 2899 quum
894 2795 1577 2895 antean”principibus-vexarentur,

423 2927 533 3002 nobis
555 2928 766 3020 tradiderit,
786 2940 916 3006 tamen
932 2933 980 3006 de
994 2957 1128 3006 corum
1148 2940 1248 3007 statu
1273 2957 1341 3030 per
1360 2934 1442 3006 haec
1465 2930 1581 3006 dubia

423 3062 460 3129 et
475 3054 619 3130 incerta
643 3063 815 3154 tempora
835 3081 913 3130 non
946 3056 1019 3131 nisi
1035 3059 1195 3132 obscure
1209 3066 1247 3132 et
1263 3057 1514 3157 incomposite
1528 3058 1581 3130 lo-

423 3179 566 3279 quitur.
618 3180 688 3282 Hic
726 3181 886 3257 scilicet·
907 3206 1041 3282 pacem
1071 3209 1095 3260 a
1136 3185 1329 3261 Maxentio
1363 3183 1581 3259 christianis

423 3326 645 3383 concessam
669 3306 817 3398 refer-M,
838 3315 876 3382 et
902 3308 977 3383 alio
995 3311 1161 3409 quodam
1182 3309 1222 3383 in
1241 3311 1340 3384 libro
1361 3308 1493 3383 multis
1515 3333 1582 3408 per

424 3431 506 3504 haro
522 3437 694 3526 tempora
710 3429 920 3529 exagitatos
939 3457 1021 3507 esse
1036 3433 1212 3530 procellis
1239 3433 1468 3508 christianos
1492 3433 1584 3506 sate-

425 3551 525 3642 tur⁴;
541 3554 768 3654 sedquantae
781 3554 924 3629 fuerint
936 3555 975 3630 in
988 3557 1103 3649 Urbe,
1121 3557 1214 3632 dum
1227 3557 1337 3656 juxta
1348 3558 1583 3634 Maxentium

426 3679 628 3754 Marcellus
648 3680 813 3786 sedehat,
838 3681 1107 3774 dissensiones
1129 3683 1223 3783 quid
1239 3685 1285 3759 de
1304 3683 1522 3758 christianis
1537 3683 1586 3757 sit

425 3805 585 3880 meritus
604 3804 684 3903 ipse
698 3805 923 3900 Maxentius
941 3816 1070 3883 utrum
1091 3806 1137 3883 iis
1151 3835 1284 3907 pacem
1298 3835 1347 3886 an
1358 3809 1504 3886 bellurn
1518 3810 1584 3884 de-

426 3930 679 4022 nunciaverit,
709 3958 795 4031 quoe
828 3931 1125 4033 Marcelloque
1148 3934 1311 4010 Eusebio
1337 3935 1403 4036 qui
1433 3960 1522 4010 eum
1546 3935 1585 4009 in

426 4056 649 4155 pontificatu
679 4057 837 4156 excepit,
872 4060 1028 4133 {ortana
1051 4059 1178 4152 fuerit,
1210 4062 1292 4134 haec
1320 4059 1464 4153 ornnia,
1500 4085 1587 4159 quaa

463 4363 487 4406 1.
505 4353 596 4408 Sancti
610 4353 738 4424 Cypriani
751 4357 789 4410 ud
798 4356 984 4412 autentorum
997 4362 1112 4426 eptam.
1125 4360 1271 4422 numum,
1283 4357 1361 4428 antu.
1375 4362 1428 4415 LII.

462 4448 486 4492 2.
507 4441 545 4493 Dc
557 4439 642 4506 Rossi,
660 4446 743 4493 Romu
759 4445 941 4502 sotterranca
952 4447 972 4496 t.
987 4444 1020 4505 ΙΙ,
1034 4457 1060 4511 p.
1071 4449 1130 4497 207.
1143 4473 1176 4483 -
1188 4443 1296 4497 Euscbii
1307 4445 1474 4500 Caunomis
1485 4450 1587 4499 Histra

428 4523 683 4596 Eectcs.,thI,xrv.
702 4591 704 4598 ,

463 4619 487 4666 3.
503 4611 610 4666 Eusebii
622 4617 724 4666 Htstor.
737 4615 847 4678 Eccum
861 4613 923 4675 vul,
936 4629 994 4678 xiv,

464 4703 489 4750 ἀι
509 4696 617 4752 Ensebii
630 4700 663 4751 de
676 4699 821 4766 Martyria.
841 4699 996 4760 Palestinae,
1010 4716 1067 4770 cap.
1081 4715 1129 4764 xn.
