3592 5668
706 653 883 718 ...57-

219 794 396 886 ubertati,
413 793 575 867 maciem
592 793 743 867 Damasi
756 799 793 866 et
807 817 892 865 ossa
905 799 1107 890 antepono,
1122 794 1224 890 apud
1241 819 1370 892 quem,
1394 825 1396 830 ·

220 924 352 1010 fateor,
374 921 460 1018 plus
473 919 532 991 vis
547 917 646 992 inest
662 942 780 1016 quam
799 916 1015 1016 sanguinis
1034 917 1119 1015 plus
1140 918 1373 994 auctoritatis

219 1053 255 1120 et
298 1043 511 1120 altitudinis
540 1068 657 1142 quam
699 1043 825 1117 cultus
861 1050 898 1118 et
930 1041 1082 1117 laetitiae.
1126 1043 1199 1129 Qui
1240 1039 1373 1120 salt'em

221 1173 335 1270 plane
363 1167 615 1244 Prudentium
635 1175 790 1267 superat
809 1167 995 1242 sermonis
1017 1168 1178 1245 sanitate
1199 1178 1236 1244 et
1262 1171 1377 1244 urba-

221 1295 352 1388 nitate,
379 1295 659 1392 verborumquc
682 1294 924 1388 modestiaet
953 1294 1061 1392 quasi
1089 1294 1252 1393 pudore3
1276 1320 1378 1370 nun-

221 1447 338 1522 quam
357 1420 461 1495 enim
494 1427 683 1495 tormenta
710 1419 1060 1520 quibusmartyres
1082 1428 1171 1496 sunt
1195 1421 1379 1522 exagitati

223 1556 301 1623 tam
337 1548 454 1622 crude
489 1547 677 1645 depingit,
699 1553 741 1621 ut
767 1547 877 1646 quasi
897 1547 1031 1621 foetore
1055 1549 1222 1647 quodam
1250 1552 1379 1648 repul-

224 1697 292 1746 sus
332 1671 449 1744 lector
487 1669 676 1745 dicentem
714 1677 911 1744 aversetur
941 1695 949 1743 :
986 1696 1061 1769 quo
1102 1671 1258 1770 quidem
1287 1673 1379 1749 vitio

224 1797 371 1872 laborat
399 1819 498 1894 saepe
522 1795 764 1870 Prudentius.

272 1920 388 1996 Recto
415 1919 529 1994 etiam
564 1920 746 2019 praeditus
774 1920 920 2019 judicio
950 1921 1136 1996 Damasus
1175 1921 1381 2020 diligenter

223 2053 333 2122 curat
368 2070 418 2119 ne
454 2069 643 2144 unquam,
672 2045 757 2143 jam
783 2051 904 2122 morte
932 2047 1003 2120 suh
1035 2046 1142 2146 ipsa,
1194 2055 1382 2147 martyres

226 2171 416 2270 ampullas
449 2159 596 2268 jactent
626 2177 662 2244 et
685 2170 962 2269 sesquipedalia
983 2172 1120 2263 verba,
1162 2172 1272 2274 quasi
1304 2172 1385 2248 his-

226 2298 369 2372 triones
405 2297 534 2370 fictam
574 2295 804 2370 sustinentes
840 2322 1057 2396 personam.
1093 2297 1157 2372 Elis
1188 2323 1382 2399 nusquam

226 2424 489 2499 accommodat
513 2423 725 2515 orationes,
756 2447 889 2497 omnes
915 2431 1043 2498 autem
1070 2426 1228 2500 affectus
1263 2425 1383 2502 animi

226 2542 379 2642 quibus,
405 2541 522 2615 vitam
544 2567 632 2616 vero
665 2541 786 2640 parati
823 2540 1055 2640 impendere,
1085 2543 1384 2620 dilacerarentur

226 2667 403 2743 morituri
436 2666 650 2758 christiani,
687 2666 865 2741 timorem
906 2667 1060 2758 scilicet,
1092 2669 1159 2743 Dei
1195 2695 1380 2763 amorem,

229 2794 389 2869 luminis
417 2793 648 2869 desiderium
674 2793 979 2893 immensamque
1000 2793 1085 2868 coeli
1111 2821 1230 2893 spem,
1251 2795 1382 2895 paucis

131 3001 133 3004 ,
227 2921 354 2998 verbis
386 2929 424 2996 et
457 2945 535 2995 uno
564 2919 626 2993 vix
664 2919 834 2993 carmine
861 2920 909 2992 ad
937 2919 1068 2994 vivum
1099 2921 1290 3018 exprimit.
1325 2923 1382 2998 ltu

224 3048 310 3148 jam
340 3047 521 3122 damnata
559 3045 690 3142 Agnes
725 3069 802 3117 non
832 3046 1035 3152 praesulem
1068 3045 1268 3145 objurgat,
1304 3073 1382 3122 non

230 3171 495 3247 fortitudinem
532 3193 641 3243 suam
690 3169 898 3268 magnifice
934 3169 1160 3269 praedicat¹,
1202 3179 1241 3247 at
1280 3172 1384 3248 mitis

247 3537 250 3546 .
266 3499 290 3545 1.
308 3489 399 3560 Nuper
411 3488 496 3543 sancti
511 3487 618 3541 Damasi
633 3487 665 3540 de
677 3488 777 3556 Agnetc
792 3500 898 3540 carmen
917 3485 1094 3555 prebuimus3
1110 3503 1193 3554 nunc,
1205 3505 1259 3559 quo
1278 3491 1384 3545 lucilius

231 3576 301 3631 luter
312 3591 339 3630 se
350 3576 495 3629 Damasum
510 3573 741 3642 prudentiumque
757 3572 884 3637 conferas,
896 3587 989 3625 versus
1007 3572 1145 3626 Prudentii
1163 3579 1261 3630 sancta
1276 3577 1386 3646 Agnetis

233 3661 263 3716 in
276 3662 405 3716 honorem
415 3659 519 3713 edimus
532 3660 644 3723 (Petrei.
656 3663 716 3720 lat,
725 3662 745 3710 t.
757 3657 809 3724 LX,
822 3655 871 3712 col.
885 3663 943 3718 580,
957 3661 1018 3718 ete,
1030 3655 1125 3726 hymn.
1139 3663 1217 3727 xm:

495 3781 582 3848 Agnes
592 3777 765 3846 sepulchrum
778 3782 817 3830 est
827 3775 957 3831 Romulea
970 3777 999 3829 in
1010 3777 1099 3844 domo,

496 3863 580 3917 Fortis
593 3861 698 3931 puella,
709 3863 837 3931 martyris
849 3861 966 3932 inclytas.

497 3949 645 4016 Conspectu
658 3946 757 4016 inipso
770 3946 876 4000 condita
886 3946 1012 4008 turrium,

498 4033 591 4087 Servat
601 4032 715 4086 salutem
726 4031 806 4100 Virgo
820 4031 969 4097 Quiritium

497 4113 552 4170 Nee
565 4132 619 4170 uon
631 4122 658 4171 et
668 4117 740 4186 ipsos
750 4118 863 4188 protegit
875 4118 1000 4183 advenas,

498 4203 569 4256 Puro
580 4217 611 4257 ec
624 4201 697 4257 fideli
711 4208 813 4272 pectore
825 4203 968 4272 simplices.

498 4285 602 4355 Duplex
616 4295 713 4340 corona
727 4291 767 4340 est
779 4287 895 4357 prestita
910 4286 1024 4356 martyri

499 4373 634 4424 lutacium
645 4370 678 4424 ab
692 4370 768 4424 omni
781 4370 893 4425 rumine
902 4369 1029 4441 virginal,

498 4454 590 4507 Mortis
600 4453 694 4508 deinde
705 4453 791 4522 glorie
800 4454 901 4510 libera.

498 4537 582 4591 Aiunt
590 4538 679 4608 jugali
690 4539 737 4594 vix
749 4539 866 4594 habilem
878 4546 946 4607 toro,

498 4621 598 4676 Primis
608 4623 638 4676 iu
649 4623 728 4676 annis
741 4623 808 4678 forte
823 4624 972 4694 puellulam

502 4707 607 4760 Christo
619 4709 749 4762 calentem
762 4710 873 4773 fortiter,
888 4709 980 4779 impiis
