<?xml version="1.0" encoding="UTF-8"?>
<!DOCTYPE html PUBLIC "-//W3C//DTD XHTML 1.0 Transitional//EN"
    "http://www.w3.org/TR/xhtml1/DTD/xhtml1-transitional.dtd">
<html xmlns="http://www.w3.org/1999/xhtml" xml:lang="en" lang="en">
 <head>
  <title>
</title>
<meta http-equiv="Content-Type" content="text/html;charset=utf-8" />
  <meta name='ocr-system' content='tesseract 3.04.00' />
  <meta name='ocr-capabilities' content='ocr_page ocr_carea ocr_par ocr_line ocrx_word'/>
</head>
<body>
  <div class='ocr_page' id='page_1' title='image "./desanctidamasis00courgoog_0069.png"; bbox 0 0 3592 5668; ppageno 0'>
   <div class='ocr_carea' id='block_1_1' title="bbox 888 645 1063 712">
    <p class='ocr_par' dir='ltr' id='par_1_1' title="bbox 888 645 1063 712">
     <span class='ocr_line' id='line_1_1' title="bbox 888 645 1063 712; baseline -0.023 -14"><span class='ocrx_word' id='word_1_1' title='bbox 888 645 1063 712; x_wconf 67' lang='lat'>..50-</span> 
     </span>
    </p>
   </div>
   <div class='ocr_carea' id='block_1_2' title="bbox 403 784 1566 2520">
    <p class='ocr_par' dir='ltr' id='par_1_2' title="bbox 403 784 1566 2520">
     <span class='ocr_line' id='line_1_2' title="bbox 403 784 1558 884; baseline -0.003 -24"><span class='ocrx_word' id='word_1_2' title='bbox 403 792 439 860; x_wconf 88' lang='lat' dir='ltr'>et</span> <span class='ocrx_word' id='word_1_3' title='bbox 471 784 688 884; x_wconf 78' lang='lat' dir='ltr'>peregrinis</span> <span class='ocrx_word' id='word_1_4' title='bbox 727 786 883 861; x_wconf 88' lang='lat' dir='ltr'>collecta</span> <span class='ocrx_word' id='word_1_5' title='bbox 912 786 1016 862; x_wconf 89' lang='lat' dir='ltr'>etin</span> <span class='ocrx_word' id='word_1_6' title='bbox 1045 785 1153 860; x_wconf 91' lang='lat' dir='ltr'>libris</span> <span class='ocrx_word' id='word_1_7' title='bbox 1187 785 1415 884; x_wconf 78' lang='lat' dir='ltr'>consignata</span> <span class='ocrx_word' id='word_1_8' title='bbox 1451 807 1558 858; x_wconf 86' lang='lat' dir='ltr'>acce-</span> 
     </span>
     <span class='ocr_line' id='line_1_3' title="bbox 406 909 1553 1012; baseline -0.001 -27"><span class='ocrx_word' id='word_1_9' title='bbox 406 911 555 1010; x_wconf 82' lang='lat' dir='ltr'>pimus3</span> <span class='ocrx_word' id='word_1_10' title='bbox 594 911 648 984; x_wconf 85' lang='lat' dir='ltr'>illi</span> <span class='ocrx_word' id='word_1_11' title='bbox 678 937 788 1003; x_wconf 86' lang='lat' dir='ltr'>vero,</span> <span class='ocrx_word' id='word_1_12' title='bbox 824 937 944 1012; x_wconf 92' lang='lat' dir='ltr'>quum</span> <span class='ocrx_word' id='word_1_13' title='bbox 973 911 1112 1011; x_wconf 74' lang='lat' dir='ltr'>saepius</span> <span class='ocrx_word' id='word_1_14' title='bbox 1146 912 1359 987; x_wconf 84' lang='lat' dir='ltr'>litterarum</span> <span class='ocrx_word' id='word_1_15' title='bbox 1392 909 1553 999; x_wconf 79' lang='lat' dir='ltr'>inscitia,</span> 
     </span>
     <span class='ocr_line' id='line_1_4' title="bbox 406 1037 1560 1138; baseline -0.001 -27"><span class='ocrx_word' id='word_1_16' title='bbox 406 1037 633 1137; x_wconf 90' lang='lat' dir='ltr'>propriaque</span> <span class='ocrx_word' id='word_1_17' title='bbox 659 1038 730 1113; x_wconf 91' lang='lat' dir='ltr'>loci</span> <span class='ocrx_word' id='word_1_18' title='bbox 759 1039 938 1138; x_wconf 76' lang='lat' dir='ltr'>caligine,</span> <span class='ocrx_word' id='word_1_19' title='bbox 971 1047 1007 1114; x_wconf 91' lang='lat' dir='ltr'>et</span> <span class='ocrx_word' id='word_1_20' title='bbox 1033 1038 1243 1138; x_wconf 73' lang='lat' dir='ltr'>praesertim</span> <span class='ocrx_word' id='word_1_21' title='bbox 1271 1038 1435 1114; x_wconf 88' lang='lat' dir='ltr'>truncati</span> <span class='ocrx_word' id='word_1_22' title='bbox 1459 1062 1560 1113; x_wconf 85' lang='lat' dir='ltr'>mar·</span> 
     </span>
     <span class='ocr_line' id='line_1_5' title="bbox 406 1163 1561 1264; baseline -0.003 -24"><span class='ocrx_word' id='word_1_23' title='bbox 406 1163 524 1240; x_wconf 92' lang='lat' dir='ltr'>moris</span> <span class='ocrx_word' id='word_1_24' title='bbox 546 1163 637 1238; x_wconf 87' lang='lat' dir='ltr'>vitio</span> <span class='ocrx_word' id='word_1_25' title='bbox 660 1163 782 1238; x_wconf 84' lang='lat' dir='ltr'>delusi</span> <span class='ocrx_word' id='word_1_26' title='bbox 811 1165 1011 1240; x_wconf 87' lang='lat' dir='ltr'>scribendo</span> <span class='ocrx_word' id='word_1_27' title='bbox 1032 1165 1292 1264; x_wconf 81' lang='lat' dir='ltr'>deliquissent,</span> <span class='ocrx_word' id='word_1_28' title='bbox 1316 1164 1426 1239; x_wconf 90' lang='lat' dir='ltr'>nobis</span> <span class='ocrx_word' id='word_1_29' title='bbox 1444 1189 1561 1262; x_wconf 89' lang='lat' dir='ltr'>prava</span> 
     </span>
     <span class='ocr_line' id='line_1_6' title="bbox 408 1289 1561 1391; baseline -0.003 -26"><span class='ocrx_word' id='word_1_30' title='bbox 408 1298 445 1365; x_wconf 89' lang='lat' dir='ltr'>et</span> <span class='ocrx_word' id='word_1_31' title='bbox 459 1296 636 1388; x_wconf 86' lang='lat' dir='ltr'>corrupta</span> <span class='ocrx_word' id='word_1_32' title='bbox 649 1291 887 1366; x_wconf 83' lang='lat' dir='ltr'>tradiderunt</span> <span class='ocrx_word' id='word_1_33' title='bbox 901 1317 987 1391; x_wconf 73' lang='lat' dir='ltr'>quae</span> <span class='ocrx_word' id='word_1_34' title='bbox 1001 1298 1111 1390; x_wconf 88' lang='lat' dir='ltr'>poeta</span> <span class='ocrx_word' id='word_1_35' title='bbox 1125 1289 1216 1364; x_wconf 91' lang='lat' dir='ltr'>olim</span> <span class='ocrx_word' id='word_1_36' title='bbox 1231 1316 1341 1390; x_wconf 75' lang='lat' dir='ltr'>aequo</span> <span class='ocrx_word' id='word_1_37' title='bbox 1352 1292 1561 1365; x_wconf 85' lang='lat' dir='ltr'>deduxerat</span> 
     </span>
     <span class='ocr_line' id='line_1_7' title="bbox 408 1413 1561 1516; baseline 0.001 -29"><span class='ocrx_word' id='word_1_38' title='bbox 408 1413 562 1513; x_wconf 79' lang='lat' dir='ltr'>integra</span> <span class='ocrx_word' id='word_1_39' title='bbox 596 1417 737 1514; x_wconf 91' lang='lat' dir='ltr'>plectro</span> <span class='ocrx_word' id='word_1_40' title='bbox 760 1418 790 1492; x_wconf 87' lang='lat'>¹.</span> <span class='ocrx_word' id='word_1_41' title='bbox 821 1418 928 1491; x_wconf 90' lang='lat' dir='ltr'>Teste</span> <span class='ocrx_word' id='word_1_42' title='bbox 957 1416 1061 1492; x_wconf 91' lang='lat' dir='ltr'>enim</span> <span class='ocrx_word' id='word_1_43' title='bbox 1097 1416 1330 1516; x_wconf 81' lang='lat' dir='ltr'>Hieronymo</span> <span class='ocrx_word' id='word_1_44' title='bbox 1343 1415 1367 1507; x_wconf 75' lang='lat'>²,</span> <span class='ocrx_word' id='word_1_45' title='bbox 1408 1415 1561 1515; x_wconf 70' lang='lat' dir='ltr'>poeticae</span> 
     </span>
     <span class='ocr_line' id='line_1_8' title="bbox 409 1541 1564 1641; baseline -0.002 -25"><span class='ocrx_word' id='word_1_46' title='bbox 409 1541 501 1616; x_wconf 88' lang='lat' dir='ltr'>artis</span> <span class='ocrx_word' id='word_1_47' title='bbox 527 1542 667 1640; x_wconf 86' lang='lat' dir='ltr'>optime</span> <span class='ocrx_word' id='word_1_48' title='bbox 693 1543 837 1641; x_wconf 82' lang='lat' dir='ltr'>peritus</span> <span class='ocrx_word' id='word_1_49' title='bbox 865 1545 1049 1619; x_wconf 79' lang='lat' dir='ltr'>Damasus</span> <span class='ocrx_word' id='word_1_50' title='bbox 1077 1543 1249 1618; x_wconf 89' lang='lat' dir='ltr'>carmina</span> <span class='ocrx_word' id='word_1_51' title='bbox 1279 1544 1400 1618; x_wconf 87' lang='lat' dir='ltr'>multa</span> <span class='ocrx_word' id='word_1_52' title='bbox 1417 1544 1464 1617; x_wconf 92' lang='lat' dir='ltr'>de</span> <span class='ocrx_word' id='word_1_53' title='bbox 1481 1542 1564 1615; x_wconf 87' lang='lat' dir='ltr'>Vir-</span> 
     </span>
     <span class='ocr_line' id='line_1_9' title="bbox 412 1666 1563 1767; baseline -0.001 -27"><span class='ocrx_word' id='word_1_54' title='bbox 412 1666 584 1766; x_wconf 76' lang='lat' dir='ltr'>ginitatis</span> <span class='ocrx_word' id='word_1_55' title='bbox 621 1668 778 1767; x_wconf 66' lang='lat' dir='ltr'>praemio</span> <span class='ocrx_word' id='word_1_56' title='bbox 815 1676 1095 1766; x_wconf 77' lang='lat' dir='ltr'>composuerat,</span> <span class='ocrx_word' id='word_1_57' title='bbox 1140 1675 1176 1743; x_wconf 82' lang='lat' dir='ltr'>et</span> <span class='ocrx_word' id='word_1_58' title='bbox 1212 1671 1329 1743; x_wconf 76' lang='lat' dir='ltr'>sacrae</span> <span class='ocrx_word' id='word_1_59' title='bbox 1361 1667 1563 1765; x_wconf 83' lang='lat' dir='ltr'>Scripturae</span> 
     </span>
     <span class='ocr_line' id='line_1_10' title="bbox 411 1792 1563 1893; baseline -0.001 -28"><span class='ocrx_word' id='word_1_60' title='bbox 411 1792 611 1867; x_wconf 90' lang='lat' dir='ltr'>horridum</span> <span class='ocrx_word' id='word_1_61' title='bbox 651 1819 867 1869; x_wconf 89' lang='lat' dir='ltr'>sermonem</span> <span class='ocrx_word' id='word_1_62' title='bbox 896 1819 1078 1868; x_wconf 90' lang='lat' dir='ltr'>versuum</span> <span class='ocrx_word' id='word_1_63' title='bbox 1105 1794 1347 1893; x_wconf 87' lang='lat' dir='ltr'>jucunditate</span> <span class='ocrx_word' id='word_1_64' title='bbox 1375 1792 1563 1867; x_wconf 89' lang='lat' dir='ltr'>demulse-</span> 
     </span>
     <span class='ocr_line' id='line_1_11' title="bbox 412 1916 1561 2019; baseline -0.002 -27"><span class='ocrx_word' id='word_1_65' title='bbox 412 1925 483 1993; x_wconf 83' lang='lat' dir='ltr'>rat.</span> <span class='ocrx_word' id='word_1_66' title='bbox 524 1918 696 1994; x_wconf 87' lang='lat' dir='ltr'>Feliciter</span> <span class='ocrx_word' id='word_1_67' title='bbox 735 1944 830 2019; x_wconf 80' lang='lat' dir='ltr'>ergo</span> <span class='ocrx_word' id='word_1_68' title='bbox 866 1919 1053 2018; x_wconf 87' lang='lat' dir='ltr'>superatis</span> <span class='ocrx_word' id='word_1_69' title='bbox 1086 1926 1141 1994; x_wconf 81' lang='lat' dir='ltr'>tot</span> <span class='ocrx_word' id='word_1_70' title='bbox 1175 1919 1391 1994; x_wconf 86' lang='lat' dir='ltr'>carminum</span> <span class='ocrx_word' id='word_1_71' title='bbox 1420 1916 1561 2016; x_wconf 84' lang='lat' dir='ltr'>spatiis,</span> 
     </span>
     <span class='ocr_line' id='line_1_12' title="bbox 414 2031 1565 2145; baseline -0.006 -26"><span class='ocrx_word' id='word_1_72' title='bbox 414 2068 534 2142; x_wconf 91' lang='lat' dir='ltr'>quum</span> <span class='ocrx_word' id='word_1_73' title='bbox 564 2053 692 2143; x_wconf 87' lang='lat' dir='ltr'>postea</span> <span class='ocrx_word' id='word_1_74' title='bbox 722 2031 855 2120; x_wconf 87' lang='lat' dir='ltr'>versus</span> <span class='ocrx_word' id='word_1_75' title='bbox 888 2069 1028 2144; x_wconf 88' lang='lat' dir='ltr'>paucos</span> <span class='ocrx_word' id='word_1_76' title='bbox 1059 2052 1271 2145; x_wconf 84' lang='lat' dir='ltr'>martyrum</span> <span class='ocrx_word' id='word_1_77' title='bbox 1306 2043 1344 2118; x_wconf 90' lang='lat' dir='ltr'>in</span> <span class='ocrx_word' id='word_1_78' title='bbox 1381 2046 1565 2117; x_wconf 87' lang='lat' dir='ltr'>honorem</span> 
     </span>
     <span class='ocr_line' id='line_1_13' title="bbox 415 2167 1566 2268; baseline -0.003 -26"><span class='ocrx_word' id='word_1_79' title='bbox 415 2168 576 2267; x_wconf 79' lang='lat' dir='ltr'>scripsit,</span> <span class='ocrx_word' id='word_1_80' title='bbox 610 2171 678 2243; x_wconf 90' lang='lat' dir='ltr'>hos</span> <span class='ocrx_word' id='word_1_81' title='bbox 714 2195 790 2244; x_wconf 94' lang='lat' dir='ltr'>non</span> <span class='ocrx_word' id='word_1_82' title='bbox 825 2170 1036 2268; x_wconf 82' lang='lat' dir='ltr'>incomptos</span> <span class='ocrx_word' id='word_1_83' title='bbox 1073 2177 1173 2244; x_wconf 89' lang='lat' dir='ltr'>certe</span> <span class='ocrx_word' id='word_1_84' title='bbox 1212 2168 1392 2259; x_wconf 85' lang='lat' dir='ltr'>condidit,</span> <span class='ocrx_word' id='word_1_85' title='bbox 1428 2167 1566 2268; x_wconf 91' lang='lat' dir='ltr'>quibus</span> 
     </span>
     <span class='ocr_line' id='line_1_14' title="bbox 415 2293 1566 2395; baseline -0.003 -28"><span class='ocrx_word' id='word_1_86' title='bbox 415 2301 635 2369; x_wconf 83' lang='lat' dir='ltr'>sanctorum</span> <span class='ocrx_word' id='word_1_87' title='bbox 650 2294 689 2367; x_wconf 90' lang='lat' dir='ltr'>in</span> <span class='ocrx_word' id='word_1_88' title='bbox 707 2295 840 2380; x_wconf 89' lang='lat' dir='ltr'>loculis</span> <span class='ocrx_word' id='word_1_89' title='bbox 855 2302 892 2369; x_wconf 91' lang='lat' dir='ltr'>et</span> <span class='ocrx_word' id='word_1_90' title='bbox 912 2295 965 2371; x_wconf 90' lang='lat' dir='ltr'>sic</span> <span class='ocrx_word' id='word_1_91' title='bbox 984 2296 1093 2395; x_wconf 90' lang='lat' dir='ltr'>quasi</span> <span class='ocrx_word' id='word_1_92' title='bbox 1113 2296 1153 2370; x_wconf 92' lang='lat' dir='ltr'>in</span> <span class='ocrx_word' id='word_1_93' title='bbox 1174 2302 1378 2394; x_wconf 83' lang='lat' dir='ltr'>conspectu</span> <span class='ocrx_word' id='word_1_94' title='bbox 1394 2293 1566 2368; x_wconf 90' lang='lat' dir='ltr'>omnium</span> 
     </span>
     <span class='ocr_line' id='line_1_15' title="bbox 415 2419 1248 2520; baseline 0.001 -27"><span class='ocrx_word' id='word_1_95' title='bbox 415 2419 557 2518; x_wconf 68' lang='lat' dir='ltr'>positis</span> <span class='ocrx_word' id='word_1_96' title='bbox 577 2421 624 2494; x_wconf 88' lang='lat' dir='ltr'>ab</span> <span class='ocrx_word' id='word_1_97' title='bbox 641 2421 818 2496; x_wconf 90' lang='lat' dir='ltr'>universo</span> <span class='ocrx_word' id='word_1_98' title='bbox 833 2421 972 2520; x_wconf 89' lang='lat' dir='ltr'>populo</span> <span class='ocrx_word' id='word_1_99' title='bbox 986 2428 1083 2496; x_wconf 82' lang='lat' dir='ltr'>esset</span> <span class='ocrx_word' id='word_1_100' title='bbox 1102 2419 1248 2496; x_wconf 75' lang='lat' dir='ltr'>irrisus</span> 
     </span>
    </p>
   </div>
   <div class='ocr_carea' id='block_1_3' title="bbox 412 2763 1571 3004">
    <p class='ocr_par' dir='ltr' id='par_1_3' title="bbox 412 2763 1571 3004">
     <span class='ocr_line' id='line_1_16' title="bbox 455 2763 1184 2843; baseline -0.001 -25"><span class='ocrx_word' id='word_1_101' title='bbox 455 2771 477 2817; x_wconf 88' lang='lat' dir='ltr'>l.</span> <span class='ocrx_word' id='word_1_102' title='bbox 497 2766 533 2818; x_wconf 85' lang='lat' dir='ltr'>Dc</span> <span class='ocrx_word' id='word_1_103' title='bbox 544 2763 628 2828; x_wconf 73' lang='lat' dir='ltr'>Rosci,</span> <span class='ocrx_word' id='word_1_104' title='bbox 643 2769 723 2819; x_wconf 78' lang='lat' dir='ltr'>Roma</span> <span class='ocrx_word' id='word_1_105' title='bbox 734 2770 910 2843; x_wconf 60' lang='lat' dir='ltr'>interranea,</span> <span class='ocrx_word' id='word_1_106' title='bbox 927 2770 947 2818; x_wconf 85' lang='lat' dir='ltr'>t.</span> <span class='ocrx_word' id='word_1_107' title='bbox 965 2767 999 2820; x_wconf 86' lang='lat'>11.</span> <span class='ocrx_word' id='word_1_108' title='bbox 1012 2781 1038 2834; x_wconf 85' lang='lat' dir='ltr'>p,</span> <span class='ocrx_word' id='word_1_109' title='bbox 1055 2772 1114 2827; x_wconf 86' lang='lat'>199,</span> <span class='ocrx_word' id='word_1_110' title='bbox 1125 2770 1184 2818; x_wconf 76' lang='lat'>200.</span> 
     </span>
     <span class='ocr_line' id='line_1_17' title="bbox 453 2848 1571 2920; baseline -0.001 -18"><span class='ocrx_word' id='word_1_111' title='bbox 453 2857 478 2902; x_wconf 78' lang='lat' dir='ltr'>t.</span> <span class='ocrx_word' id='word_1_112' title='bbox 497 2849 587 2903; x_wconf 80' lang='lat' dir='ltr'>Sancti</span> <span class='ocrx_word' id='word_1_113' title='bbox 601 2849 757 2919; x_wconf 88' lang='lat' dir='ltr'>Hieronymi</span> <span class='ocrx_word' id='word_1_114' title='bbox 768 2851 801 2902; x_wconf 82' lang='lat' dir='ltr'>dc</span> <span class='ocrx_word' id='word_1_115' title='bbox 813 2854 881 2904; x_wconf 76' lang='lat' dir='ltr'>Vtrts</span> <span class='ocrx_word' id='word_1_116' title='bbox 891 2851 1004 2913; x_wconf 65' lang='lat' dir='ltr'>illustr,</span> <span class='ocrx_word' id='word_1_117' title='bbox 1016 2865 1075 2920; x_wconf 79' lang='lat' dir='ltr'>cap.</span> <span class='ocrx_word' id='word_1_118' title='bbox 1088 2863 1147 2904; x_wconf 72' lang='lat' dir='ltr'>cun</span> <span class='ocrx_word' id='word_1_119' title='bbox 1159 2877 1190 2888; x_wconf 91' lang='lat'>-</span> <span class='ocrx_word' id='word_1_120' title='bbox 1211 2850 1253 2900; x_wconf 79' lang='lat' dir='ltr'>Ad</span> <span class='ocrx_word' id='word_1_121' title='bbox 1270 2848 1408 2910; x_wconf 51' lang='grc' dir='ltr'><strong><em>Μυσὴ,</em></strong></span> <span class='ocrx_word' id='word_1_122' title='bbox 1422 2852 1471 2912; x_wconf 77' lang='lat' dir='ltr'>Ep.</span> <span class='ocrx_word' id='word_1_123' title='bbox 1484 2849 1571 2902; x_wconf 84' lang='lat' dir='ltr'><em>XXII,</em></span> 
     </span>
     <span class='ocr_line' id='line_1_18' title="bbox 412 2935 1070 3004; baseline 0 -18"><span class='ocrx_word' id='word_1_124' title='bbox 412 2935 436 3004; x_wconf 74' lang='lat' dir='ltr'>¹S</span> <span class='ocrx_word' id='word_1_125' title='bbox 447 2942 471 2986; x_wconf 81' lang='lat'>2.</span> <span class='ocrx_word' id='word_1_126' title='bbox 486 2963 516 2972; x_wconf 96' lang='lat'>-</span> <span class='ocrx_word' id='word_1_127' title='bbox 529 2935 571 2988; x_wconf 78' lang='lat' dir='ltr'>Ad</span> <span class='ocrx_word' id='word_1_128' title='bbox 584 2935 751 2998; x_wconf 64' lang='lat' dir='ltr'>Panamara,</span> <span class='ocrx_word' id='word_1_129' title='bbox 763 2938 846 3001; x_wconf 68' lang='lat' dir='ltr'>arnt.</span> <span class='ocrx_word' id='word_1_130' title='bbox 863 2937 987 2996; x_wconf 80' lang='lat' dir='ltr'><em>XLVIII,</em></span> <span class='ocrx_word' id='word_1_131' title='bbox 1001 2935 1017 3000; x_wconf 75' lang='lat' dir='ltr'>S</span> <span class='ocrx_word' id='word_1_132' title='bbox 1032 2940 1070 2986; x_wconf 81' lang='lat' dir='ltr'>ta.</span> 
     </span>
    </p>
   </div>
   <div class='ocr_carea' id='block_1_4' title="bbox 0 0 1835 5668">
    <p class='ocr_par' dir='ltr' id='par_1_4' title="bbox 0 0 1835 5668">
     <span class='ocr_line' id='line_1_19' title="bbox 0 0 1835 5668; baseline 0 0"><span class='ocrx_word' id='word_1_133' title='bbox 0 0 1835 5668; x_wconf 95' lang='lat' dir='ltr'> </span> 
     </span>
    </p>
   </div>
  </div>
 </body>
</html>
