3592 5668
725 659 900 724 ..71-

238 805 320 873 tum
357 798 534 890 fatemur,
556 799 622 898 qui
639 800 692 872 nil
708 799 865 898 proprii,
882 799 937 872 nil
952 798 1142 898 peculiare
1157 800 1307 888 reserat,
1340 799 1393 872 nil

238 924 338 998 unde
365 931 489 1022 pateat
515 924 639 1023 qualis
666 925 781 1000 suerit
801 927 946 1024 Agnes,
974 933 1041 1000 aut
1068 925 1161 1024 quid
1187 949 1299 1024 passa
1328 924 1389 998 sit.

237 1052 347 1148 Apud
363 1052 569 1125 Damasum
588 1076 697 1126 seeus
729 1053 812 1126 haee
829 1051 960 1126 omnia
984 1050 1083 1126 mire
1108 1051 1390 1149 exprimuntur,

237 1183 285 1265 et,
312 1177 360 1249 ah
379 1174 461 1273 ipsa
479 1176 628 1274 Agnete
653 1174 763 1276 quasi
776 1176 931 1265 delusi,
954 1201 1039 1252 eam
1058 1177 1215 1252 bustum
1226 1178 1393 1250 horren-

236 1309 313 1376 tem
328 1303 526 1377 horrentes
541 1301 613 1400 ipsi
630 1302 830 1377 miramur.
871 1335 888 1389 ῃ

286 1428 472 1502 Praeterea
490 1428 640 1504 Damasi
655 1435 711 1503 est
726 1428 767 1501 i'n
790 1429 919 1503 animo
946 1439 1121 1502 tenerum
1147 1427 1329 1526 quiddam
1357 1433 1393 1501 et

603 1749 909 1819 Maturamartyrioiuit
1019 1809 1023 1820 ¹

568 1837 674 1889 Matura
686 1835 807 1890 nondum
817 1835 935 1903 nuptiis3

573 1920 689 1974 Nutabat
698 1921 725 1973 in
737 1920 808 1976 vivis
816 1920 891 1986 flua,
964 1969 968 1977 .

571 2005 685 2058 Cedebat
694 2009 721 2058 et
729 2005 813 2059 sessus
826 2021 914 2061 senex.
996 2061 1001 2068 ,

603 2148 677 2196 Metu
695 2148 817 2213 parentes
828 2143 925 2210 territi,

571 2227 724 2282 claustrum
735 2224 846 2297 pudoris
855 2215 993 2282 auxeraut.

569 2312 656 2368 Solvit
663 2314 731 2367 iores
745 2313 878 2368 custodire

572 2397 646 2451 Fides
659 2398 743 2451 teneri
761 2398 857 2452 nescia.

605 2537 713 2592 Prodire
721 2539 783 2609 quis
796 2543 914 2608 nuptum
927 2543 1021 2608 putet:

571 2623 615 2677 Sia
623 2623 685 2677 laeta
695 2623 774 2678 vultu
782 2623 882 2677 dieitur

570 2710 667 2762 Secum
676 2721 759 2760 novas
768 2708 852 2761 ferens
862 2715 936 2777 opes·

574 2794 669 2846 Dotata
677 2807 757 2846 censu
769 2792 916 2862 sanguinis.

603 2924 668 2975 Aras
680 2922 785 2976 natandi
795 2915 917 2976 ¹numinis

569 3006 648 3061 Adire
661 3007 735 3060 taedis
748 3007 860 3076 eogitur.

569 3093 719 3161 Respondet
730 3091 827 3147 :fland
840 3091 907 3146 tales
919 3091 986 3146 taces
1055 3105 1057 3110 ·

570 3179 711 3246 Sumpsere
722 3177 821 3233 Christi
830 3176 956 3246 virgines

608 3305 655 3359 Hic
665 3304 737 3372 iguis
744 3304 890 3372 exstinguit
899 3303 973 3364 fides,

570 3387 958 3458 Haeetlammalumeneripit,'

571 3475 628 3537 Hie,
640 3473 683 3526 hie
692 3473 777 3536 ferite,
789 3476 819 3526 ut
828 3473 932 3542 profluo

569 3561 668 3612 Cruore
678 3558 842 3626 restinguam
853 3557 933 3610 iocos.

605 3686 730 3737 Percussa
735 3719 809 3736 .....
824 3695 907 3750 quam
918 3682 992 3748 tulit,

568 3771 636 3822 Nem
650 3773 720 3822 veste
731 3783 758 3820 se
769 3771 854 3821 totam
867 3772 957 3836 tegens

569 3852 666 3905 Curam
680 3849 790 3918 pudoris
801 3849 934 3918 prestitit,

569 3937 608 3988 Ne
619 3934 681 4003 quis
696 3938 820 3988 reteetam
832 3937 956 3986 cerneret.

602 4063 633 4114 Iu
646 4066 732 4114 morte
741 4061 847 4114 vivebat
855 4060 951 4131 pudor,

570 4146 735 4215 vultumque
745 4151 845 4199 texerat
856 4160 939 4198 manu

571 4234 678 4284 Terram
688 4231 826 4300 genuflexo
839 4231 905 4299 petit

573 4319 660 4386 Lapsu
668 4316 816 4369 verecunda
827 4315 931 4369 cadens.

603 4444 891 4510 Gloriatibi,1)omine‚
1005 4475 1007 4480 ·

569 4529 660 4584 Gloria
668 4530 811 4597 unigenito

565 4617 624 4669 Una
631 4630 695 4669 eum
704 4615 800 4668 Sancto
809 4613 912 4683 Spiritu

569 4703 598 4755 ln
615 4700 775 4769 sempiterna
784 4698 904 4764 serula..
