3592 5668
891 667 935 681 ..
958 631 999 698 55
1023 667 1068 682 ..

402 773 594 857 consonet,
612 792 801 867 auresque
825 771 898 844 hoo
915 778 1103 844 concentu
1122 768 1347 843 demulceat.
1369 767 1435 840 lllo
1465 792 1566 840 con-

401 900 534 968 centus
552 919 707 992 genere,
725 921 749 970 a
767 896 985 973 doctissimo
995 924 1148 998 quoque
1163 905 1255 972 tunc
1272 901 1467 993 usurpato,
1485 896 1566 968 Da-

402 1043 532 1093 masus
553 1043 630 1094 non
651 1019 802 1118 illepide
830 1021 963 1108 utitur,
991 1047 1115 1122 neque
1143 1021 1323 1096 omittens
1351 1043 1565 1093 numerum

403 1144 524 1236 illum,
546 1170 623 1244 quo
642 1153 815 1222 constare
838 1154 930 1224 tunc
947 1149 1120 1223 solebant
1139 1172 1285 1238 versuS,
1310 1143 1567 1244 permiscens-

403 1296 490 1369 que,
509 1277 551 1344 ut
569 1295 651 1346 mos
675 1279 768 1364 erat,
786 1275 923 1374 longas
942 1275 1151 1373 brevesque
1180 1274 1356 1374 syllabae,
1374 1273 1472 1345 bene
1499 1295 1566 1343 so-

405 1394 537 1470 nantia
554 1395 655 1471 inter
669 1423 708 1472 se
727 1399 843 1473 verba
857 1399 1118 1475 desinentibus
1139 1398 1293 1498 subjicit
1312 1396 1562 1485 carminibus,

404 1529 441 1596 et
455 1522 563 1621 quasi
582 1549 650 1622 pen
670 1524 776 1623 paria
790 1527 994 1602 consociat.
1013 1528 1069 1602 lta
1082 1526 1320 1602 carnainibus
1335 1524 1410 1598 illis
1427 1525 1566 1597 Damo-

407 1673 472 1724 sus
493 1647 593 1722 inter
607 1657 752 1724 veteres
768 1658 805 1725 et
828 1653 1056 1727 recentiores
1067 1652 1238 1727 medium
1258 1675 1329 1726 nec
1351 1648 1564 1749 ignobilem

407 1773 534 1847 locum
556 1780 669 1864 tenet,
689 1782 738 1866 et,
756 1785 931 1877 suscepta
953 1786 1204 1877 utrorumque
1224 1775 1436 1875 disciplina,
1455 1773 1563 1873 quasi

410 1897 598 1974 societatis
625 1899 778 1976 vinculo
797 1901 891 1978 inse
913 1903 1103 1979 conciliat.

459 2025 590 2124 Neque
609 2035 736 2101 tamen
756 2027 821 2102 illa
841 2030 938 2121 sola,
960 2031 1006 2104 de
1030 2029 1171 2130 quibus
1186 2029 1271 2128 jam
1296 2027 1561 2115 disseruimus,

408 2150 580 2225 carmina
595 2152 801 2227 Damasum
824 2161 974 2252 poetam
998 2156 1168 2231 faciunt:
1190 2156 1376 2230 nonnulla
1401 2153 1477 2228 alia
1496 2177 1565 2226 neo

410 2277 555 2352 insulsa
569 2277 653 2376 ejus
667 2286 829 2371 exstant,
840 2289 876 2356 et
885 2282 1064 2357 facillime
1075 2283 1283 2382 producam
1292 2306 1378 2380 quae
1393 2281 1439 2353 de
1455 2279 1566 2352 Proto

410 2405 448 2472 et
462 2397 689 2497 Hyacintho,
707 2401 754 2475 de
774 2401 1013 2501 Chrysantho
1027 2411 1065 2479 el
1086 2403 1211 2494 Dario,
1234 2428 1304 2477 nec
1329 2426 1405 2476 non
1429 2401 1477 2473 de
1500 2399 1567 2472 Fe

412 2524 485 2599 lice
506 2531 542 2598 et
555 2524 725 2600 Adaucto
737 2526 759 2618 ¹,
779 2554 864 2627 quae
875 2536 1089 2628 martyrum
1104 2529 1324 2604 inmaxima
1337 2526 1457 2602 sancti
1473 2525 1566 2600 Sixti

411 2658 543 2751 crypta
552 2651 764 2750 jacentium
779 2653 819 2726 in
835 2655 1019 2729 honorem
1032 2655 1254 2754 conscripsit
1264 2654 1288 2729 ².
1307 2655 1398 2742 Quae
1412 2653 1568 2752 quidem

413 2776 570 2876 singula
585 2803 662 2852 non
677 2780 923 2872 excutiemus
939 2789 1066 2880 utpote
1081 2782 1122 2856 in
1137 2781 1277 2881 quibus
1292 2781 1346 2854 nil
1361 2779 1565 2879 peculiare,

416 2903 471 2978 nil
497 2904 586 2979 novi
605 2930 797 3006 excerpas,
816 2908 870 2981 nil
890 2911 992 2984 unde
1020 2916 1236 3008 temporum
1261 2908 1358 2984 ratio
1373 2913 1510 3007 pateat,
1533 2913 1570 2980 et

415 3055 491 3129 quo
519 3031 668 3106 facilius
687 3031 727 3106 in
751 3034 1024 3110 ecclesiasticos
1047 3038 1206 3111 annales
1234 3033 1494 3132 introspicias;
1522 3033 1569 3106 ad

414 3155 535 3230 solam
550 3181 640 3230 vero
663 3157 844 3232 carminis
868 3159 1145 3258 jucunditatem
1168 3161 1200 3235 si
1222 3159 1413 3258 respicias,
1441 3159 1570 3231 nullus

415 3276 484 3350 tihi
511 3277 617 3352 locus
639 3279 802 3355 occurrit
816 3281 1005 3381 exquisito
1021 3284 1128 3357 cultu
1145 3291 1212 3358 aut
1231 3284 1358 3381 lepore
1388 3279 1567 3378 insignis,

417 3403 547 3477 nullus
574 3404 640 3503 qui
675 3413 761 3504 apte
782 3414 819 3482 el
845 3410 1013 3508 quodam
1040 3409 1186 3484 lumine
1223 3408 1452 3484 terminetur
1480 3430 1570 3480 sen-

417 3553 495 3620 suS,
514 3528 567 3602 nil
585 3530 741 3608 demum
756 3535 858 3632 quod
873 3535 1015 3610 referre
1034 3535 1155 3635 possis
1172 3541 1208 3610 et
1229 3533 1416 3609 memoria
1427 3539 1569 3607 tenere.

419 3653 503 3728 Non
532 3654 719 3753 ignobilia
755 3659 867 3756 plane
899 3668 1007 3753 sunt,
1040 3662 1172 3752 fateor,
1200 3663 1265 3736 sed
1300 3685 1403 3759 qua,
1428 3663 1572 3732 mutato

420 3778 542 3871 titulo,
564 3780 718 3857 cuilibet
736 3782 837 3858 inter
853 3793 1040 3885 martyres
1055 3787 1162 3862 facile
1183 3787 1342 3862 tribuas.

468 3903 506 3978 si
518 3903 604 4004 quis
619 3913 745 3980 tamen
762 3908 923 3984 miretur
932 3913 1035 4010 quod
1049 3912 1104 3986 sic
1119 3913 1194 3987 alia
1205 3911 1361 4012 quidem
1375 3931 1573 4006 excerpse-

420 4031 505 4120 rim,
514 4031 685 4106 aliavero
696 4035 940 4110 carminavix
949 4036 1131 4114 inleriora
1142 4036 1574 4137 fastidiensrespuerim,

423 4164 460 4231 et
476 4156 529 4233 sio
544 4183 639 4256 opus
657 4183 787 4234 meum
806 4159 1071 4260 imperfectum
1086 4172 1123 4239 et
1141 4164 1250 4264 quasi
1274 4165 1444 4263 pendens
1466 4164 1575 4238 dese-

426 4283 583 4376 ruerim,
593 4284 665 4359 hoe
679 4284 848 4382 primum
863 4287 1022 4363 afferam
1041 4316 1049 4364 ε
1069 4314 1269 4390 nunquam
1284 4289 1380 4364 mihi
1391 4288 1431 4363 in
1446 4287 1576 4362 animo

459 4616 483 4659 ι.
504 4607 617 4658 carmon
629 4619 704 4670 mv,
718 4621 1007 4675 unumunurm.

460 4701 484 4744 2.
504 4694 618 4742 carmon
630 4704 728 4744 xxxru.
