3592 5668
702 634 746 645 ..
769 598 811 664 53
834 635 878 646 ..

216 742 402 814 Damasus
426 744 553 813 noster
574 739 679 813 omni
701 740 846 837 poetico
875 741 1010 813 decore
1043 747 1080 812 et
1114 739 1232 825 cultu,
1261 739 1366 811 omni

215 864 413 937 Musarum
428 863 556 960 lepore
575 869 611 936 et
625 887 712 936 rara
734 861 890 963 quidem
909 862 948 936 in
971 862 1228 961 exprimendis
1249 863 1368 938 animi

215 989 381 1063 motibus
400 987 589 1062 industrie
604 996 762 1063 ornatus
784 990 912 1077 floret;
938 989 1214 1088 vituperatione
1240 997 1367 1062 tamen

215 1116 319 1189 haud
345 1115 457 1213 plane
480 1111 664 1188 immunis
687 1114 818 1205 abibit,
854 1115 964 1214 eique
986 1114 1139 1188 crimini
1160 1122 1365 1203 vertemus

215 1242 318 1340 quod
332 1265 409 1313 non
432 1239 522 1313 satis
538 1239 620 1314 fuse
640 1265 752 1314 omne
767 1265 836 1338 per
853 1239 1027 1314 ordinem
1049 1247 1189 1314 sancta
1209 1239 1370 1338 Agnetis

216 1373 408 1440 certamen
423 1365 606 1452 narravit,
624 1391 694 1460 nec
712 1367 760 1439 de
780 1365 825 1438 iis
846 1391 932 1465 quae
946 1374 1075 1464 postea
1091 1390 1202 1463 passa
1218 1371 1287 1454 est,
1303 1371 1369 1438 aut

217 1493 264 1565 de
285 1489 470 1589 supplicio
495 1516 570 1589 quo
584 1490 774 1587 occubuit,
796 1517 866 1564 nos
889 1491 1067 1565 certiores
1094 1491 1193 1566 fecit.
1212 1490 1369 1564 Minime

221 1615 325 1690 enim
345 1614 491 1692 curavit
506 1622 549 1689 ut
563 1615 673 1689 nobis
690 1617 861 1708 referret,
883 1642 960 1716 qua
974 1617 1016 1691 vi¹
1030 1624 1067 1691 et
1081 1624 1207 1691 mente
1223 1616 1366 1709 divine,

216 1767 337 1840 quum
365 1742 404 1815 in
433 1743 515 1816 loco
544 1741 677 1816 scortis
704 1741 858 1840 proprio
890 1741 1059 1840 primum
1087 1743 1208 1818 locata
1237 1742 1371 1816 fuisset

217 1868 361 1966 Agnes,
380 1873 461 1941 tuta
482 1868 674 1941 tamenab
699 1867 804 1941 omni
822 1867 965 1965 injuria
986 1867 1182 1958 exstiterit,
1200 1892 1372 1967 rogoque
1470 1925 1471 1932 .

218 2017 307 2068 mox
317 1992 494 2092 imposita
503 2018 571 2091 per
583 1993 759 2068 flammas
767 1995 957 2091 quomodo
969 1993 1368 2083 resederitincolumis,

219 2120 450 2218 demumque
466 2118 608 2216 gladio,
636 2125 678 2192 ut
692 2144 818 2218 genus
832 2119 916 2217 ejus
938 2127 975 2194 et
995 2119 1174 2194 virtutem
1202 2121 1370 2208 decebat,

218 2270 397 2343 percussa
427 2246 582 2320 honeste
609 2245 798 2320 ceciderit.
822 2244 881 2319 Sic
904 2245 1111 2320 restrictior
1126 2247 1311 2320 Damasus
1339 2254 1375 2318 et

220 2369 334 2445 nimis
363 2395 517 2468 pressus
536 2370 583 2444 de
598 2377 730 2444 sancta
745 2372 894 2469 Agnete
922 2370 1104 2445 eximium
1117 2369 1286 2470 quidem,
1309 2371 1374 2444 sed

219 2497 407 2598 exiguum
419 2520 635 2570 sermonem
651 2495 751 2585 lacit,
765 2501 803 2570 et
817 2504 1031 2594 martyrum
1041 2495 1250 2570 certamina
1260 2495 1374 2570 raris-

220 2621 326 2698 simis
345 2621 500 2721 exponit
515 2621 763 2696 carminibus.
787 2621 895 2708 Quod
913 2647 1004 2697 sane
1024 2621 1230 2696 Prudentio
1240 2621 1374 2696 vitium

220 2774 296 2826 non
312 2746 550 2847 objiciemus
562 2754 690 2845 utpote
704 2747 770 2845 qui
788 2746 853 2820 dili
859 2747 1096 2845 gentissime,
1113 2748 1199 2846 qua
1211 2747 1260 2822 ad
1275 2772 1377 2821 mar-

220 2882 321 2974 tyres
335 2872 534 2964 attineant,
552 2871 682 2947 omnia
711 2869 943 2971 exquisierit,
974 2873 1079 2946 etde
1106 2871 1186 2946 istis
1210 2872 1305 2961 fuse,
1329 2898 1377 2946 ne

219 2999 345 3075 dicem
375 2997 509 3084 fusius,
537 2997 722 3072 disserere
745 2997 877 3072 solitus
902 2997 962 3071 sit.
990 2998 1056 3071 Cui
1084 2997 1240 3096 quidem
1266 3000 1377 3096 plane

220 3124 320 3198 cedit
354 3125 538 3198 Damasus
569 3148 691 3222 quum
717 3125 888 3198 ubertate
914 3130 951 3197 et
979 3123 1159 3196 facundia
1188 3122 1377 3197 inventio-

222 3249 356 3348 nisque
395 3247 587 3340 facilitate,
628 3255 724 3323 turn,
748 3248 917 3323 materiae
959 3247 1209 3347 amplitudine
1240 3249 1377 3322 verbo-

221 3400 385 3474 rumque
414 3374 580 3449 llosculis
605 3382 642 3448 et
669 3376 882 3474 splendore.
905 3373 997 3460 Quis
1022 3373 1127 3448 enim
1155 3372 1374 3462 Prudenti0,

222 3509 355 3576 vatum
385 3500 527 3575 scilicet
560 3500 858 3576 christianorum
895 3500 973 3574 fere
1005 3499 1207 3598 principi¹,
1243 3499 1379 3574 Dama—

224 3656 311 3706 sum
344 3638 517 3704 nostrum
556 3627 742 3729 inclytum
777 3624 932 3727 quidem
959 3625 1191 3724 pontificem,
1219 3626 1285 3700 sed
1314 3623 1377 3699 vix

406 3969 418 3996 ι(
437 3951 549 4020 Aguem,
563 3965 649 4020 quum
660 3949 789 4019 lugubres
797 3953 891 4003 cantus
900 3947 965 4002 tuba
977 3946 1171 4017 concrepuisset
1182 3968 1189 4012 3

407 4058 419 4082 «
439 4037 538 4104 Sponte
550 4035 635 4088 trucis
647 4034 759 4090 calcasse
769 4034 858 4088 minas
869 4033 1023 4103 rabiemque
1034 4033 1158 4103 tyranniq

407 4148 419 4171 «
438 4125 518 4178 Urere
529 4140 616 4194 quum
626 4119 745 4177 flammis
755 4123 885 4180 voluisset
900 4123 1103 4192 nobilercrpus,

407 4233 419 4257 «
440 4209 548 4265 Viribus
560 4212 724 4264 immensum
734 4204 823 4279 parvis
835 4225 971 4278 superasse
981 4209 1115 4271 timorem,

407 4313 419 4342 a
439 4296 571 4364 Nudaque
585 4295 704 4370 pertusos
716 4294 803 4348 crines
817 4295 846 4346 iu
858 4293 977 4346 membra
988 4293 1099 4356 dedisse,

412 4403 424 4427 κ
443 4383 482 4434 Ne
495 4381 604 4434 Domini
615 4379 747 4450 templum
760 4380 838 4433 lacies
851 4379 969 4448 peritura
979 4377 1089 4432 videret.

412 4490 424 4513 κ
445 4467 467 4518 0
480 4466 631 4521 veneranda
642 4466 722 4530 mihi,
741 4472 864 4521 sanctum
878 4465 966 4524 decus,
982 4462 1063 4527 alma,
1080 4462 1198 4532 pudoris,

410 4574 423 4597 «
444 4553 477 4605 Ut
487 4551 594 4604 Damasi
609 4551 733 4620 precibus
746 4551 835 4604 faveas
848 4563 948 4619 precor,
958 4547 1062 4618 inclyta
1075 4547 1159 4616 virgo.
1171 4569 1183 4590 ι

265 4675 286 4723 l.
306 4671 436 4725 Sidonius
446 4671 618 4740 Apollinaris,
631 4672 681 4726 lib.
694 4674 734 4734 ll,
747 4672 823 4742 epist.
843 4687 872 4724 rx
890 4672 1010 4736 (Patrol,
1023 4672 1087 4733 lut,
1098 4672 1119 4723 t.
1131 4667 1230 4732 LVlll).
1248 4695 1279 4706 —-
1293 4666 1382 4719 Sancti
