3592 5668
887 673 1061 740 ...42-

398 807 480 906 ejus
515 815 642 882 tamen
666 808 795 884 omnia
823 835 910 909 qua
936 814 1045 912 quasi
1073 813 1227 913 propria
1254 820 1356 900 sunt,
1383 813 1556 886 versibus

398 933 449 1008 ita
475 941 575 1010 recte
589 939 785 1035 expressit,
807 946 865 1034 ut,
886 945 918 1018 si
933 941 1177 1028 ,carminibus
1197 939 1402 1039 inscriptus
1420 939 1554 1036 periis-

397 1068 460 1132 set.
472 1061 618 1153 titulus,
633 1068 760 1140 statim
774 1070 820 1143 da
835 1071 953 1144 Paulo
966 1066 1116 1144 narrari
1139 1067 1297 1155 diceres.
1354 1110 1357 1121 ·

446 1184 637 1260 Andream
655 1213 806 1289 quoque
824 1194 1040 1290 apostolum
1054 1190 1224 1264 laudavit
1242 1190 1428 1263 Damasus
1444 1187 1552 1278 ¹,vsed

399 1307 557 1383 minime
588 1312 697 1386 iniis
724 1319 827 1414 quos]
848 1318 894 1390 de
921 1317 987 1390 illo
1013 1315 1243 1414 conscripsit»
1268 1315 1440 1388 versibus
1464 1337 1555 1386 oon-

398 1431 588 1526 sistemus,
626 1447 753 1537 utpote
770 1443 849 1540 qui,
887 1443 954 1518 etsi
972 1441 1086 1541 lepidi
1111 1450 1148 1516 et
1170 1439 1341 1530 honesti,
1366 1439 1420 1514 nil
1440 1463 1551 1538 pecu·

398 1557 503 1650 liare,
533 1562 586 1636 nil
602 1563 757 1662 insigne
775 1569 980 1665 praebeant.

931 1941 952 2030 ς
979 1935 1027 2010 u.

741 2245 784 2296 DE
811 2245 940 2298 SUMMIS
966 2245 1210 2300 resumemus

447 2504 641 2579 Christum
654 2513 690 2580 et
706 2507 902 2604 Apostolos
916 2532 1037 2606 quum
1059 2509 1190 2583 laudat
1203 2513 1389 2584 Damasus
1403 2520 1556 2583 senten-

399 2625 540 2703 tiarum
554 2631 742 2728 gravitate
755 2641 793 2707 et
804 2632 1017 2722 altitudine,
1029 2634 1234 2709 verborum
1251 2624 1373 2711 nitore
1388 2641 1425 2713 et
1436 2635 1554 2723 cultus

401 2755 619 2832 carminum
634 2759 762 2856 lepore
770 2767 808 2834 et
818 2766 1017 2836 venustate
1026 2785 1096 2834 nos
1111 2761 1224 2859 capit3
1237 2767 1276 2834 at
1290 2760 1356 2834 ubi
1367 2762 1413 2834 de
1422 2761 1559 2846 Roma-

400 2915 539 2965 norum
555 2893 780 2991 pontificum
795 2901 1057 2993 martyrumve
1071 2894 1139 2993 qui
1159 2897 1230 2969 sub
1250 2894 1375 2984 Decio,
1391 2894 1557 2968 Valerio-

400 3043 474 3117 que
498 3026 564 3092 aut
584 3019 815 3094 Diocletiano
839 3027 1002 3094 mortem
1029 3021 1129 3118 passi
1152 3029 1256 3112 sunt,
1278 3019 1557 3094 'certaminibus

369 3222 373 3228 ,
400 3150 544 3233 narrat,
569 3151 660 3218 tuno
679 3124 1093 3248 potissimum‘eininet,
1111 3152 1147 3219 et
1173 3145 1272 3220 inter
1294 3152 1422 3245 poetas
1441 3171 1556 3243 pecu-

400 3267 558 3343 liaribus
578 3277 615 3343 et
633 3269 806 3368 egregiis
820 3267 971 3346 dotibus
1001 3269 1121 3345 floret.
1147 3269 1234 3344 ‘Hoc
1265 3268 1368 3344 enim
1391 3271 1557 3344 maxime

400 3401 555 3490 praestat
577 3394 762 3470 Damasus
777 3395 879 3494 quod
892 3394 1066 3493 proprias
1083 3394 1387 3494 uniuscujusque
1402 3395 1506 3468 dotes
1522 3402 1558 3468 et

400 3543 445 3593 ea
470 3519 610 3617 quihus
636 3518 853 3619 aequisque
875 3546 895 3593 e
917 3520 1038 3618 vulgo
1062 3519 1210 3610 eximit,
1224 3519 1323 3593 mira
1350 3520 1558 3618 sagacitate

400 3644 565 3742 excerpit
579 3651 617 3720 et
631 3645 866 3721 carminibus
887 3645 966 3721 suis
980 3639 1091 3743 plane
1106 3645 1306 3743 exprimit:
1322 3645 1436 3720 itaut
1448 3645 1556 3744 qnasi

400 3770 476 3844 vivi
507 3778 543 3846 et
568 3771 761 3869 propriam
782 3772 1011 3848 sustinentes
1034 3797 1237 3869 personam
1264 3771 1331 3869 qui
1355 3797 1378 3844 a
1398 3771 1558 3846 Damaso

401 3897 607 3980 laudantur
619 3906 839 3996 appareant,
856 3923 995 3998 eosque
1007 3896 1116 3997 quasi
1128 3899 1320 4002 adstantes
1332 3904 1369 3971 et
1382 3899 1559 3995 adpopu-

400 4023 481 4096 lum
496 4022 728 4114 concionari,
739 4030 776 4097 et
788 4049 849 4096 res
860 4049 884 4098 a
898 4048 941 4098 se
953 4029 1055 4098 actas
1070 4023 1237 4121 pandere
1252 4023 1410 4101 diceres.
1429 4023 1559 4122 Neque

403 4150 474 4224 hoc
484 4148 609 4224 solum
622 4174 630 4222 :
642 4156 680 4224 at
691 4148 905 4248 prasertim
922 4150 1044 4225 multo
1054 4149 1185 4246 paucis
1195 4148 1370 4223 versibus
1383 4149 1556 4237 absolvit,

401 4274 552 4352 et-raris
563 4275 719 4374 quidem
739 4277 804 4350 sed
819 4274 972 4373 optimis
983 4274 1109 4350 uerbis
1124 4299 1185 4352 res
1204 4275 1351 4371 amplas
1366 4281 1403 4348 et
1414 4297 1559 4356 memo-

401 4400 458 4474 ria
469 4426 625 4498 prorsus
632 4401 773 4500 dignas
786 4400 914 4492 refert,
930 4425 1016 4498 quaa
1026 4406 1154 4474 tamen
1171 4400 1281 4497 plane
1293 4399 1554 4492 exolevissent‚

434 4755 455 4799 1·
473 4742 563 4797 Sancti
578 4742 684 4797 Damasi
699 4743 732 4794 de
744 4747 840 4794 sancto
851 4742 959 4793 Andreo
973 4743 1104 4807 apostolo,
1122 4755 1228 4792 carmon
1248 4751 1309 4792 rm.
