3592 5668
885 668 1062 732 ..58-

399 807 504 880 mine
529 807 643 880 hosce
657 803 837 881 facinoris
855 808 965 906 quasi
980 807 1152 882 conscios
1174 805 1374 903 insculpsit
1400 829 1554 892 versus,

399 931 538 1030 quibus
560 938 642 1004 tum
658 930 866 1006 Gothorum
886 934 1009 1008 scelus
1037 940 1074 1007 et
1090 932 1251 1021 cladem,
1268 940 1351 1006 tum
1366 930 1556 1028 pontificis

398 1057 576 1155 pietatem
591 1063 793 1132 testaretur
810 1084 818 1132 :

520 1282 599 1342 Dum
617 1281 758 1362 peritura
771 1283 881 1346 Gethae
896 1282 1079 1362 posuissent
1092 1287 1195 1346 castra
1212 1281 1271 1342 sub
1286 1279 1411 1356 urbem,

596 1390 761 1450 Moverunt
776 1390 894 1452 sanctis
907 1390 991 1452 bella
1006 1390 1143 1454 nefanda
1160 1389 1259 1468 prius,

518 1501 657 1578 'lotaque
670 1497 824 1577 sacrilego
839 1503 999 1561 verterunt
1013 1499 1110 1560 corde
1127 1497 1295 1576 sepulchra

598 1604 787 1687 Martyribus
804 1608 967 1686 quondam
983 1606 1043 1668 rite
1058 1611 1179 1668 sacrata
1194 1604 1267 1684 piis.

519 1716 614 1790 Qum,
632 1719 828 1775 monstrante
844 1714 921 1789 Deo,
938 1715 1087 1775 Damasus
1103 1713 1164 1775 sibi
1176 1731 1258 1793 papa
1272 1713 1421 1793 probatos

598 1822 700 1884 Atfixo
716 1821 841 1884 monuit
854 1820 993 1884 carmine
1001 1821 1072 1900 jure
1088 1821 1162 1896 coli,

520 1931 582 1994 Sed
599 1930 693 2009 periit
711 1930 832 2005 titulus,
850 1930 1011 1992 contracto
1027 1947 1198 2004 marmore,
1215 1934 1352 2002 sanctus,

599 2038 662 2099 Nec
679 2042 785 2098 tamen
799 2037 849 2099 bis
864 2037 979 2098 iterum
992 2053 1084 2116 posse
1099 2035 1196 2098 latere
1211 2036 1280 2099 luit.

520 2145 628 2206 Diruta
642 2144 775 2223 vigilius
791 2161 864 2206 nam
879 2149 953 2222 post
966 2143 1036 2205 haec
1050 2161 1131 2224 papa
1145 2143 1335 2222 gemiscens,

601 2251 754 2313 Hostibus
769 2249 918 2330 expulsis,
934 2268 1028 2312 omne
1045 2250 1167 2313 navavit
1182 2269 1261 2330 opus
1272 2250 1293 2313 ¹.

450 2459 583 2532 Postea
610 2464 752 2548 tamen,
776 2457 933 2556 direptis
966 2484 1099 2533 rursus
1123 2483 1146 2532 a
1170 2457 1424 2556 Longobarda
1441 2465 1554 2556 gente

402 2583 641 2673 cimeteriis
666 2591 703 2658 et
724 2585 865 2658 eversis
882 2585 1024 2684 ubique
1045 2585 1162 2659 sacris
1181 2583 1383 2683 lapidibus
1402 2586 1553 2658 tandem

403 2717 615 2808 martyrum
642 2733 727 2784 ossa
758 2735 778 2782 e
806 2711 999 2810 temeratis
1028 2711 1162 2784 loculis
1191 2710 1333 2784 summi
1359 2711 1555 2809 pontifices

402 2837 631 2926 detulerunt,
651 2841 687 2909 et
701 2835 802 2910 intra
817 2835 959 2909 Urbem
973 2843 1055 2911 tuto
1070 2842 1307 2935 receperunt.

451 2962 523 3035 Sed
535 2968 590 3036 tot
603 2960 750 3059 disjecti
766 2959 917 3034 casibus
931 2961 1089 3059 lapidea
1103 2959 1245 3060 quibus
1255 2961 1555 3060 inscriptalege-

402 3087 543 3160 bantur
558 3085 709 3160 Damasi
724 3086 908 3177 carmina,
929 3085 1152 3161 exciderunt
1162 3114 1170 3175 ;
1193 3086 1258 3159 vix
1274 3111 1449 3161 mansere
1468 3113 1555 3185 per-

402 3208 525 3308 pauci,
549 3211 668 3284 multo
683 3212 811 3309 plures
832 3211 1107 3286 desiderantur.

450 3337 624 3409 Attamen
648 3336 792 3433 lapides
815 3337 967 3425 multos,
986 3336 1162 3434 quamvis
1186 3334 1309 3425 elisos,
1331 3359 1482 3408 summo
1500 3335 1556 3408 la-

403 3463 494 3534 bore
514 3468 550 3534 et
568 3461 771 3558 prudentia
789 3488 857 3560 per
871 3463 1011 3536 rudera
1030 3486 1154 3559 nuper
1171 3460 1326 3558 collegit
1344 3469 1381 3534 et
1395 3460 1558 3534 restituit

404 3588 510 3661 Rossi
526 3587 602 3681 ille,
620 3587 686 3687 qui
701 3589 803 3686 apud
817 3589 929 3662 Italos
944 3587 1117 3662 doctrina
1132 3588 1259 3684 pollet,
1283 3592 1318 3660 et
1338 3585 1391 3660 sic
1407 3586 1557 3660 Damasi

404 3715 525 3787 multa
551 3714 722 3787 carmina
749 3714 874 3788 adhuc
902 3714 1037 3811 ignota
1058 3711 1205 3785 invenit
1230 3719 1268 3784 et
1298 3711 1442 3785 refecit.
1467 3711 1558 3798 Quae

403 3863 493 3912 mox
514 3837 593 3936 ipse
613 3845 773 3912 venturo
799 3838 838 3912 in
861 3838 1056 3912 volumine
1077 3837 1163 3910 edet
1178 3843 1214 3910 et
1230 3836 1271 3908 in
1294 3836 1445 3934 publico
1466 3862 1559 3935 pro·-

404 3971 538 4064 ponet,
557 3988 678 4063 quum
692 3988 825 4038 eorum
843 3963 956 4038 etiam
974 3989 1059 4062 quia
1079 3988 1183 4037 nunc
1203 3963 1402 4052 habemus
1421 3986 1558 4037 novam

405 4096 512 4188 paret
542 4088 622 4185 ipse
653 4087 871 4177 editionem,
901 4112 1021 4186 eaque
1050 4090 1251 4163 emendata
1279 4095 1317 4161 et
1345 4095 1560 4187 expurgata

405 4215 534 4290 lectori
558 4215 607 4289 sit
631 4214 906 4312 praestiturus&
929 4217 1032 4291 Adeo
1054 4223 1096 4290 ut
1115 4241 1253 4315 parum
1276 4216 1451 4290 videatur
1469 4216 1566 4323 utile

440 4570 464 4617 t.
481 4561 544 4616 Maii
564 4565 690 4628 Scrtptor.
704 4566 832 4625 veterum,
845 4565 866 4614 t.
879 4562 909 4623 V,
923 4576 951 4630 p.
966 4566 1024 4614 41¹.

438 4653 463 4701 2.
481 4649 518 4701 De
529 4644 614 4708 Rosci,
625 4647 742 4699 Bulletln
754 4646 882 4706 cremet,
895 4654 922 4702 7·
936 4645 1029 4706 annia,
1043 4647 1073 4699 n⁰
1088 4652 1112 4710 t,
1121 4643 1264 4714 jann-lev.
1278 4652 1352 4705 tato,
1362 4659 1389 4716 p.
1405 4654 1420 4696 5
1434 4644 1559 4712 (traduat.

356 4783 358 4786 .
417 4732 551 4801 rancaisc).
1361 4760 1364 4772 ,
1399 4759 1402 4766 .
