3592 5668
711 626 888 694 ..29-

225 776 291 845 aut
309 768 434 868 potius
449 767 485 858 vi
498 768 664 868 quadam
677 768 830 842 afflatus
839 765 981 855 divina,
993 788 1060 863 per
1069 764 1259 840 cruciatus
1270 765 1379 865 quasi

224 893 430 994 pernubes
448 893 545 968 nihil
565 892 713 994 patiens
740 892 903 968 incedat.
928 891 1004 966 Nos
1028 896 1169 983 autem,
1203 917 1279 966 non
1303 890 1378 966 nisi

224 1021 404 1097 humanis
424 1021 539 1095 rebus
568 1043 787 1109 movemur;
810 1019 876 1093 sed
903 1017 942 1092 in
958 1017 1106 1094 Christo
1126 1017 1181 1092 nil
1203 1017 1377 1108 humani,

224 1147 275 1220 nil
294 1147 396 1221 unde
415 1144 595 1221 humanis
614 1146 812 1222 aflectibus
833 1144 1093 1243 indulgeatur,
1117 1143 1247 1218 omnia
1264 1168 1381 1242 supra

224 1269 421 1344 hominem
446 1295 454 1342 :
477 1295 589 1369 parce
608 1269 748 1361 vivere,
770 1268 956 1368 injuriam
986 1267 1144 1368 perpeti,
1181 1292 1380 1366 nunquam

226 1394 351 1485 irasci,
365 1420 565 1495 nunquam
580 1395 795 1494 legitimam
811 1420 858 1469 ex
873 1393 1016 1495 injuria
1025 1417 1179 1492 poenam
1194 1418 1378 1492 quaerere,

227 1519 325 1594 nihil
344 1519 538 1612 conviciis,
563 1519 658 1594 nihil
674 1519 921 1620 plagiS,nilril
935 1519 1038 1594 salsis
1049 1518 1206 1594 testibus
1224 1527 1383 1617 'respon-

227 1647 329 1737 dere,
352 1656 388 1721 et
414 1673 481 1746 pro
511 1647 690 1746 ingratiS,
716 1672 784 1745 pro
814 1646 969 1746 iniquia,
1005 1673 1074 1745 pro
1114 1644 1243 1720 omnia
1272 1644 1381 1744 quasi

229 1775 484 1850 redolentibus
518 1775 610 1850 vitia
653 1775 875 1850 hominibus
919 1775 1037 1851 vitam
1076 1775 1308 1873 impendere,
1344 1779 1384 1848 'et

228 1925 379 1976 summa
393 1902 440 1975 de
460 1927 586 1989 eruce,
601 1903 795 1977 latronum
808 1926 1081 2000 servorumque
1103 1925 1222 1990 more,
1241 1899 1383 1997 ing'en-

229 2034 305 2101 tem
334 2027 509 2103 animum
538 2027 744 2126 exspirare.
769 2027 936 2126 Imperia
968 2034 1058 2101 sunt
1078 2051 1163 2126 quae
1191 2007 1384 2100 Christum

228 2153 366 2228 adeant
380 2153 565 2244 carmina,
588 2161 625 2228 et
652 2152 828 2253 quamvis
845 2154 965 2252 vulgo
980 2177 1148 2228 crescere
1165 2152 1282 2226 soleat
1295 2175 1384 2226 oum

228 2278 479 2377 amplitudine
494 2305 624 2355 rerum
637 2279 695 2354 vis
710 2279 874 2378 ingenii,
884 2286 1012 2354 tamen
1028 2276 1165 2353 Christi
1186 2278 1385 2376 splendore

229 2405 447 2481 obruuntur
471 2406 602 2496 Musae,
635 2412 677 2480 ut
709 2406 905 2505 quondam
942 2404 1180 2503 interrogata
1210 2405 1386 2478 tacebant

229 2530 466 2605 adstantibus
488 2529 706 2606 christianis
728 2533 882 2607 oracula
900 2533 923 2605 ¹.

279 2657 454 2730 Attamen
479 2657 526 2731 ab
557 2659 629 2731 hac
655 2656 744 2731 trita
767 2663 804 2731 et
825 2655 934 2731 solita
954 2655 1104 2731 dicendi
1138 2656 1199 2730 via
1223 2655 1387 2730 deflectit

232 2789 341 2880 poeta
364 2781 533 2881 quidam,
558 2783 742 2857 Damasus
779 2783 842 2856 ille
867 2781 978 2882 cujus
1001 2789 1084 2857 acta
1104 2782 1187 2882 jam
1211 2781 1386 2856 narravi-

233 2931 335 2996 mus;
355 2933 432 2982 non
448 2907 642 2982 Christum
660 2908 726 2981 sed
739 2907 978 2998 christianos,
1000 2933 1076 2984 non
1097 2909 1387 3006 Redemptorem

232 3032 298 3106 sed
311 3032 538 3130 redemptos,
558 3058 635 3106 non
651 3033 781 3107 Deum
795 3034 861 3108 sed
883 3033 1058 3108 homines
1073 3033 1186 3124 canit,
1204 3033 1388 3132 Martyres

232 3156 374 3231 scilicet
398 3157 464 3256 qui
479 3182 652 3261 provere
675 3165 873 3249 certantes
892 3159 1004 3255 ferro,
1021 3159 1180 3257 ignibus
1194 3166 1259 3233 aut
1275 3159 1387 3233 dente

233 3285 400 3359 ferarum
419 3282 552 3358 laniati
570 3283 797 3375 ceciderant,
815 3291 851 3358 et
879 3292 984 3360 tanta
1017 3283 1187 3383 ipsorum
1210 3277 1387 3359 constan-

235 3409 287 3484 tia
304 3410 609 3507 obstupefactum
630 3411 761 3484 orbem
780 3411 997 3486 christianis
1014 3412 1260 3487 tradiderant.
1286 3411 1388 3498 Quos

232 3533 336 3608 enim
362 3535 545 3609 Damasus
588 3535 701 3626 canit,
740 3536 837 3610 raris
874 3537 939 3610 sed
974 3533 1077 3610 haud
1112 3535 1273 3635 illepidis
1301 3561 1386 3611 oar-

234 3658 402 3744 minibus
426 3660 566 3750 laudat,
602 3684 810 3760 eorumque
839 3662 1012 3761 sepulcra
1036 3659 1278 3736 ¹marmoreis
1323 3686 1387 3736 co-

234 3784 376 3859 lumnis
417 3784 630 3884 crustisque
672 3793 849 3877 exornat,
884 3787 924 3860 in
960 3787 1099 3886 quibus
1140 3787 1385 3886 singulorum
1459 3833 1460 3836 =

235 3933 373 3982 nomen
414 3915 450 3983 et
479 3917 563 3985 acta
596 3918 738 3986 narrat.
786 3912 852 3986 Cui
900 3912 1055 4011 quidem
1091 3913 1195 4012 operi
1239 3913 1388 3987 favebat

234 4033 465 4133 tempestatis
480 4035 575 4109 ratio
593 4043 629 4109 et
644 4037 905 4135 opportunitas
927 4063 934 4110 :
960 4038 1140 4136 temporis
1155 4037 1258 4111 enim
1279 4039 1388 4136 lapsu

234 4159 376 4234 sensim
418 4161 613 4236 excidebat
654 4162 701 4236 de
734 4162 1029 4238 christianorum
1059 4163 1187 4238 animo
1223 4163 1388 4238 nefanda

233 4291 288 4359 tot
317 4286 590 4384 suppliciorum
627 4289 829 4379 memoria,
862 4298 898 4362 et
934 4289 1043 4388 quasi
1080 4315 1212 4364 recens
1239 4288 1388 4364 soeditas

270 4623 291 4668 1.
311 4615 418 4670 Eusebii
429 4616 596 4671 cesariensis
607 4620 640 4671 de
657 4623 715 4674 Vita
731 4621 909 4681 constantini,
920 4619 968 4673 lib.
978 4621 1011 4682 ll,
1022 4633 1078 4690 cap.
1090 4635 1115 4673 ι.
1126 4649 1157 4658 -
1167 4619 1298 4675 baruntii
1307 4623 1389 4673 Insti-

238 4704 289 4752 ιτα.
303 4705 399 4754 contro
411 4705 510 4767 centu,
522 4699 571 4753 lib.
587 4700 629 4762 1v,
645 4715 701 4772 cap.
714 4715 802 4757 xxrn.
818 4727 849 4741 -
869 4707 904 4756 De
916 4707 1003 4756 morte
1011 4708 1222 4772 merodorum,
1236 4718 1292 4774 rap.
1307 4717 1344 4768 rx,
1360 4717 1389 4757 x.
