3592 5668
733 631 912 696 -45..

243 794 357 843 eausa
379 770 629 868 quamobrem
658 794 682 843 a
705 769 908 844 Domitiani
938 768 1172 868 temporibus
1211 773 1399 870 usquead

244 895 519 972 Diocletianum
539 897 680 971 suerint
696 896 881 996 exagitati
897 896 1108 972 christiani.
1122 897 1278 972 Minime
1296 898 1398 972 enim

243 1044 319 1107 eoa,
342 1020 443 1119 quod
465 1021 584 1118 vulgo
601 1019 763 1094 numina
786 1017 1001 1112 irriderent,
1020 1019 1210 1118 principes
1239 1020 1399 1095 insecta-

242 1147 395 1234 bantur,
431 1146 496 1219 sed
519 1146 622 1244 quod
645 1171 707 1220 eos
731 1144 785 1219 rei
812 1145 991 1219 Romana
1019 1147 1146 1220 hostes
1179 1155 1216 1220 et
1235 1145 1397 1244 publicis

243 1270 411 1344 infensos
447 1271 656 1345 commodis
689 1272 894 1346 habebant.
941 1271 1039 1345 Nam
1072 1271 1256 1370 pollentes
1297 1273 1395 1345 mul·

243 1394 404 1469 titudine
427 1422 507 1487 sua,
534 1395 749 1471 communis
768 1398 893 1472 cultus
911 1398 1057 1471 occulto
1082 1395 1182 1470 inter
1210 1421 1249 1470 se
1276 1398 1400 1470 cohae-

244 1530 369 1598 rentes
405 1523 559 1613 foedere,
583 1525 816 1624 integritate,
844 1524 1014 1628 scientia7
1039 1523 1254 1622 eloquentia
1285 1523 1397 1599 etiam

243 1656 280 1723 et
311 1649 450 1723 virtute
474 1651 681 1749 conspicui,
704 1650 883 1725 maximis
914 1675 1013 1749 saepe
1047 1650 1257 1724 honoribus
1281 1649 1396 1741 aucti,

243 1773 374 1847 multis
398 1774 560 1849 ducibus
583 1783 620 1850 et
643 1784 746 1850 certo
772 1774 986 1850 constitutis
1012 1775 1147 1849 ordine
1169 1780 1345 1872 parentes
1363 1781 1400 1849 et

243 1899 455 1998 praesertim
479 1925 612 1975 omnes
631 1926 709 1976 una
729 1903 775 1975 de
801 1925 952 1975 summo
984 1901 1150 1999 quodam
1175 1901 1270 1976 duce
1308 1927 1399 2000 pen-

243 2026 375 2100 dentes
386 2027 409 2116 ¹‚
433 2051 583 2125 semper
598 2051 760 2101 nuntero
776 2028 1010 2115 crescebant,
1029 2034 1066 2100 et
1080 2024 1251 2124 undique
1267 2028 1400 2101 subre-

244 2161 375 2248 pentes
398 2151 609 2225 Romanam
634 2154 787 2243 molem‚
811 2158 853 2227 ut
885 2159 1101 2226 tumescens
1120 2159 1248 2243 aestuS,
1281 2178 1400 2251 oppu-

246 2278 431 2376 gnabant.
446 2277 545 2364 Quin
564 2278 693 2369 etiam,
711 2303 731 2352 e
751 2276 922 2377 pristinis
937 2277 1115 2369 oraculis,
1131 2285 1173 2352 ut
1187 2277 1289 2352 fama
1304 2285 1396 2368 erat,

244 2427 351 2501 spem
366 2402 684 2478 certamvictoriae
696 2403 971 2480 obtinuerant².
989 2405 1110 2478 Tanto
1121 2402 1289 2501 periculo
1306 2403 1398 2477 moti

244 2529 310 2628 qui
327 2529 435 2603 navis
454 2530 718 2630 gubernacula
740 2530 967 2620 tractabant,
995 2528 1236 2619 christianos,
1263 2538 1304 2604 ut
1328 2531 1398 2603 do-

245 2654 421 2729 mesticos
446 2658 572 2730 hostes
607 2663 645 2730 et
667 2656 776 2756 quasi
804 2655 1028 2754 proditores
1058 2654 1239 2730 omnibus
1276 2654 1399 2730 modis

245 2786 440 2855 conterere
484 2788 522 2854 et
556 2780 643 2856 totis
680 2781 863 2856 Romanae
902 2779 1056 2855 ditionis
1094 2780 1242 2856 viribus
1276 2781 1401 2880 oppri-

245 2929 349 2980 mere
376 2907 501 2981 conati
520 2916 621 2981 sunt.
641 2908 749 2994 Quod
770 2933 846 3006 quo
865 2907 1012 2982 felicius
1038 2908 1245 2997 efficerent,
1265 2908 1401 3007 depre-

245 3032 491 3106 hendendum
538 3040 626 3107 ante
665 3032 795 3106 omnia
843 3039 1076 3107 censuerunt
1103 3028 1402 3108 christianorum

248 3183 444 3233 summum
463 3158 720 3255 pontificem³;
752 3159 986 3233 confidentes
1000 3159 1079 3232 sore
1098 3165 1139 3232 ut
1158 3165 1262 3232 tanto
1275 3159 1402 3234 debel-

245 3284 309 3358 lati
333 3286 489 3360 vulnere
507 3284 734 3359 dissiderent
749 3284 849 3358 inter
862 3310 902 3359 se
917 3285 1117 3360 christiani
1130 3291 1179 3374 et,
1204 3292 1315 3383 rupto
1329 3285 1400 3360 foe-

245 3411 346 3501 dere,
365 3411 404 3484 in
414 3410 623 3485 contrarias
634 3417 760 3508 partes
773 3408 1050 3500 scinderentur,
1063 3419 1177 3509 atque
1188 3409 1241 3484 ita
1252 3408 1402 3485 facilem

245 3538 458 3635 praeberent
487 3537 669 3635 praedam.
688 3537 787 3623 Quid
802 3536 946 3610 mirum
969 3562 1079 3635 erge,
1112 3536 1142 3609 'si
1168 3535 1303 3610 Decius
1336 3534 1402 3634 qui

246 3689 328 3738 rem
349 3663 560 3738 Romanam
582 3662 752 3762 undique
770 3662 997 3737 labefactam
1016 3662 1230 3736 instaurare
1245 3669 1403 3736 conatus

246 3797 315 3880 est,
346 3815 467 3888 quum
496 3789 679 3864 audiisset
710 3815 732 3864 a
761 3789 980 3864 christianis
1006 3789 1045 3862 in
1065 3789 1160 3865 urbe
1185 3789 1402 3887 pontificem

246 3916 461 3991 maximum
485 3922 662 3991 sanctum
694 3914 913 3991 Cornelium
945 3940 1026 3989 csse
1050 3916 1271 4003 salutatum,
1294 3913 1403 3988 lateri

246 4067 323 4115 non
345 4041 574 4116 dubitaverit
607 4067 646 4116 se
674 4043 794 4116 multo
814 4040 963 4116 facilius
991 4041 1175 4114 aemulum
1203 4048 1335 4114 contra
1363 4065 1403 4114 se

246 4167 458 4266 principem
494 4193 611 4268 quam
647 4169 881 4244 sacerdotem
930 4165 1107 4241 constitui
1153 4168 1404 4241 toleraturum

243 4391 508 4400 ι--οι--ι--φ--α

283 4535 305 4581 l.
325 4528 443 4598 Frcppel‚
455 4533 531 4582 saint
546 4533 660 4598 Gyprten
671 4535 696 4583 ct
706 4521 811 4596 l'lloltse
822 4532 959 4598 d’Atttquc
970 4545 1006 4584 aa
1019 4545 1065 4584 nie
1078 4529 1164 4595 siecle,
1176 4537 1202 4583 7ο
1210 4526 1295 4596 lecon,
1305 4541 1331 4595 p.
1345 4532 1401 4579 153.

281 4623 304 4664 2.
321 4612 405 4666 Taciti
418 4617 534 4675 Histoe,
546 4614 576 4679 V,
590 4629 647 4684 cap.
661 4629 699 4668 ιγ.
712 4643 744 4652 -
754 4615 873 4676 Sueten,
884 4619 911 4667 tn
928 4619 1095 4680 Vespasiae,
1106 4627 1164 4680 cap.
1181 4627 1219 4664 iv.

280 4707 306 4751 a.
325 4698 444 4769 Freppel,
461 4703 540 4753 saint
555 4703 679 4768 cyprian,
692 4708 719 4754 ao
732 4699 817 4770 locon,
836 4707 1004 4770 p.172,173,
1021 4707 1077 4765 lac,
1095 4707 1151 4753 181.
