3592 5668
895 694 939 706 ..
963 659 1004 723 gg
1026 695 1071 708 -

409 809 445 876 et
460 799 633 897 simplex,
650 807 686 874 et
701 799 740 872 in
757 799 916 897 ipseheo
932 800 1367 899 simplicitatesublimis,
1385 803 1560 880 timorem

407 927 640 1001 immensum
671 933 825 1024 superat
856 951 1073 1024 rogumque
1100 926 1236 1000 victrix
1264 928 1495 1003 conscendit.
1513 969 1563 986 -ι

671 1229 756 1284 tussis
766 1229 890 1291 renisam,
904 1229 1049 1298 quominus
1063 1229 1143 1284 idolis

673 1314 781 1369 Addicta
792 1328 892 1368 sacram
904 1313 1032 1368 desereret
1043 1314 1133 1368 fidem.

671 1401 781 1452 Tentata
794 1398 889 1451 multis
903 1414 966 1452 nam
981 1398 1055 1468 prius
1065 1399 1179 1464 artibus,

668 1485 747 1538 Nunc
760 1499 804 1537 ore
818 1483 908 1537 blandi
918 1483 1017 1554 judicis
1028 1483 1109 1549 illice,

671 1571 748 1623 Nunc
759 1568 891 1622 saevientis
902 1568 1034 1622 camiticis
1050 1570 1140 1634 minis,

671 1653 762 1709 Stabat
775 1654 853 1707 feroci
867 1653 958 1708 robore
972 1655 1102 1722 pertinax,

670 1741 824 1810 Corpusque
838 1738 913 1792 duris
924 1738 1119 1793 excruciatibus

672 1824 748 1879 Ultro
761 1823 896 1888 offerebat,
911 1839 964 1877 nou
978 1839 1092 1878 renuens
1106 1824 1184 1878 mori.

670 1911 738 1962 Tum
751 1913 811 1962 trux
827 1914 958 1977 tyrannus
973 1929 979 1961 :
995 1931 1007 1955 ιι
1018 1911 1045 1963 Si
1062 1908 1140 1963 facile
1151 1915 1199 1974 est,
1211 1909 1258 1974 ait,

673 2017 685 2042 ιι
705 1997 814 2048 Poenarn
825 1994 943 2047 subactis
956 1994 1022 2047 lerre
1036 1993 1182 2057 doloribus,

675 2105 686 2126 ι
706 2081 738 2133 Et
752 2080 809 2132 vita
822 2079 885 2134 vilis
896 2079 1037 2148 spernitur,
1054 2084 1083 2132 at
1094 2079 1180 2148 pudor

675 2187 688 2211 ιι
707 2166 789 2218 Carus
803 2163 897 2218 dicatae
910 2163 1073 2232 virginitatis
1086 2169 1134 2217 est.
1147 2187 1158 2208 ι

674 2251 746 2303 Hanc
759 2250 787 2302 iu
801 2248 916 2319 lupanar
931 2249 1032 2303 tradere
1049 2249 1187 2319 publicum

671 2335 779 2388 Certum
794 2339 841 2398 est,
854 2334 889 2394 ad
900 2349 974 2386 aram
986 2334 1014 2387 in
1027 2339 1107 2404 eaput
1118 2334 1243 2404 adplicat,

673 2421 710 2472 Ae
723 2418 755 2471 de
767 2419 886 2473 Minerva
895 2418 952 2489 jam
963 2419 1070 2472 veniam
1084 2424 1168 2488 rogat,

673 2505 760 2568 Quam
770 2505 846 2574 virgo
858 2504 940 2573 pergit
953 2509 1071 2558 temnere
1085 2505 1225 2574 virginem.

675 2590 770 2644 Omnis
779 2591 907 2659 juventus
921 2591 1010 2656 irruit,
1024 2595 1050 2644 et
1061 2607 1162 2645 novum

672 2674 861 2729 ludibriorum
873 2675 1040 2746 mancipium
1053 2675 1128 2745 petit.

675 2784 688 2809 «
707 2761 791 2822 Haud,
804 2761 895 2830 inquit
908 2765 1002 2830 Agnes,
1014 2761 1156 2814 immemor
1168 2765 1208 2815 est
1221 2761 1260 2815 ita

675 2870 688 2894 ι
707 2847 828 2902 Christus
842 2862 965 2911 suorum,
977 2847 1068 2917 perdat
1081 2852 1112 2900 ut
1124 2862 1236 2901 aureum

677 2955 690 2982 ιι
709 2934 790 2989 Nobis
804 2932 942 3002 pudorem,
958 2947 1006 2985 nos
1017 2947 1123 3001 quoque
1136 2931 1255 2987 deserat:

681 3043 693 3072 u
709 3021 806 3072 Praesto
822 3021 861 3070 est
876 3014 988 3086 pudicis,
1000 3031 1047 3069 nec
1061 3016 1161 3084 patitur
1174 3031 1253 3070 sacrae

678 3127 691 3153 ι
709 3103 871 3172 Integritatis
883 3115 995 3154 munera
1007 3099 1102 3170 pollui.

677 3213 690 3238 «
710 3193 820 3244 Ferrum
835 3186 959 3256 impiabis
969 3187 1108 3254 sanguine,
1126 3186 1149 3240 si
1165 3186 1245 3248 voles,

678 3299 690 3322 ιι
711 3281 767 3328 Non
781 3271 934 3342 inquinabis
948 3271 1068 3325 membra
1081 3269 1203 3324 libidine.
1217 3292 1229 3316 »

675 3360 719 3414 Sic
730 3359 861 3412 elocutam
876 3356 1023 3426 publicitus
1035 3354 1112 3425 jubet

674 3445 757 3499 Fleru
770 3445 799 3497 in
813 3443 907 3514 plateae
920 3443 1009 3496 sistere
1018 3441 1161 3510 virginem.

673 3533 793 3586 Stantem
805 3529 903 3598 refugit
914 3533 1004 3581 maesta
1019 3526 1178 3596 frequentia,

670 3621 766 3672 Aversa
779 3615 880 3679 vultus,
894 3631 928 3668 ne
942 3613 1105 3684 petulantius

673 3703 822 3772 Quisquam
837 3699 982 3756 verendum
996 3699 1158 3767 conspiceret
1170 3697 1268 3751 locum.

671 3788 788 3844 Intendit
797 3802 868 3841 unus
878 3788 944 3840 forte
955 3785 1098 3855 procaciter

674 3881 710 3928 os
721 3875 749 3928 in
763 3873 881 3944 puellam
895 3886 944 3924 uec
955 3869 1070 3938 trepidat
1083 3882 1185 3921 sacram

670 3963 792 4031 Spectare
801 3960 917 4012 formam
928 3956 1031 4009 lumine
1044 3953 1158 4008 lubrico.

672 4047 710 4099 Eu
723 4043 778 4098 ales
790 4043 861 4113 ignis
874 4040 996 4094 fulminis
1007 4039 1036 4092 in
1051 4038 1162 4091 modum

670 4130 797 4184 Vibratur
810 4127 905 4181 ardens
917 4131 997 4193 atque
1011 4123 1101 4178 oculos
1114 4123 1175 4178 terit
1188 4143 1195 4174 :

670 4217 753 4270 Caeres
764 4228 873 4268 corusco
887 4211 993 4264 lumine
1006 4209 1117 4273 corruit,

639 4321 642 4327 ·
669 4303 756 4368 Atque
772 4299 800 4352 ln
815 4298 909 4367 plateae
921 4295 1029 4365 pulvere
1045 4294 1165 4364 palpitat.

669 4384 777 4441 Fudisse
788 4384 902 4447 Christo,
918 4380 1035 4435 redderet
1047 4384 1078 4432 ut
1096 4393 1140 4430 reo

667 4474 764 4525 Lucem
775 4468 884 4538 jacenti,
898 4471 956 4519 tum
970 4464 1079 4534 juvenis
1092 4461 1208 4515 halitum

667 4555 733 4608 Vitae
744 4555 904 4607 innovatum
918 4551 1022 4604 viribus
1033 4547 1153 4616 integris.

665 4642 787 4695 Primum
800 4639 845 4691 sed
857 4640 943 4706 Agnes
957 4636 1029 4688 hunc
1039 4633 1135 4688 babuit
1145 4631 1258 4702 gradum

667 4725 786 4780 Coelestis
797 4739 879 4787 aare,
895 4736 958 4775 mox
971 4720 1042 4774 aliua
1052 4719 1139 4772 datur.
