3592 5668
726 657 905 722 ..13-

237 796 344 870 Tunc
359 793 463 870 necis
476 789 646 895 lempna
664 795 840 895 supplicii
857 799 984 872 locum
1004 819 1188 896 genusve,
1207 799 1392 896 praetoris,

237 921 427 997 carnificis
447 945 602 1012 nomen,
632 930 669 996 et
687 923 736 996 ab
752 947 983 1023 unoquoque
1000 931 1109 1022 gesta
1136 921 1310 1023 dictaque
1330 926 1396 998 in·-

239 1046 412 1146 quirebat
424 1106 433 1137 ,
445 1045 682 1146 jubebatque
698 1072 738 1148 se
762 1049 810 1121 ad
834 1048 1080 1148 singulorum
1099 1051 1273 1148 scpulcra
1291 1050 1392 1142 duci,

237 1172 441 1272 omniaque
458 1172 713 1270 perordinem
733 1171 894 1247 narrari.
912 1172 1004 1248 lnde
1019 1197 1196 1249 reversus
1213 1172 1392 1249 tabularii

235 1298 354 1372 tecta¹
372 1298 522 1396 petebat
537 1287 602 1371 uhi
618 1303 834 1396 martyrum
849 1299 1007 1376 annales
1021 1298 1190 1375 vicissim
1202 1300 1251 1376 ab
1264 1325 1396 1400 excep·

236 1420 404 1496 toribus²
432 1420 616 1496 fidissime
643 1423 892 1522 consignatos
911 1449 1031 1500 manu
1044 1425 1183 1525 cupida
1197 1426 1392 1515 versabat;

138 1581 140 1584 ·
174 1641 179 1652 Ι
238 1547 333 1645 quin
346 1547 461 1621 etiam
477 1547 677 1622 carnifices
692 1547 794 1646 ipsos
814 1547 962 1625 adibat³
990 1557 1028 1625 et
1046 1575 1115 1650 per
1134 1575 1197 1625 eos
1210 1557 1396 1651 quantam

234 1670 416 1747 virtutem
430 1671 695 1771 praestitissent
709 1681 897 1772 martyres
912 1675 1180 1774 cognoscebat.

284 1801 404 1874 Tanto
419 1806 635 1898 martyrum
655 1799 823 1899 insignis
843 1826 973 1876 amore
989 1803 1174 1879 Damasus
1192 1802 1292 1878 sedis
1320 1803 1395 1878 Ro-

236 1942 361 2001 manae
375 1925 560 2001 diaconus
581 1926 753 2000 creatus*
767 1934 836 2018 est,
851 1927 916 2027 qui
934 1926 1076 2004 scilicet
1089 1929 1229 2029 cryptis
1243 1935 1279 2004 et
1295 1951 1395 2003 mar-

234 2056 364 2149 tyrum
392 2048 583 2148 lapidibus
609 2057 736 2125 custos
768 2060 1072 2150 preponeretur3
1100 2053 1269 2128 diaconis
1292 2053 1396 2129 enim

236 2173 303 2273 qui
318 2174 498 2274 perpauci
518 2173 558 2247 in
570 2174 729 2250 ecclesia
748 2175 1053 2269 Romanaerant,
1078 2177 1316 2277 praecipuum
1331 2180 1397 2253 da·

236 2305 320 2373 tum
333 2307 414 2374 erat
426 2298 628 2399 negotium
642 2308 685 2376 ut
699 2309 914 2401 martyrum
931 2304 1098 2406 tumulos
1113 2304 1321 2403 diligenter
1330 2328 1397 2379 ex-

236 2424 438 2499 colerent⁵.
463 2425 546 2511 Quo
563 2450 724 2500 munere
738 2426 806 2500 diu
819 2428 986 2520 functus,
1004 2454 1027 2504 a
1041 2427 1190 2503 Liberio
1202 2415 1394 2528 pontifice,

236 2574 357 2649 quum
374 2549 413 2624 in
433 2558 655 2650 cryptarum
674 2552 883 2650 penetralia
902 2554 1092 2654 confugit,
1118 2554 1287 2630 ccclesiae
1321 2556 1397 2629 Ro-

237 2699 362 2750 manae
373 2682 498 2750 rector
512 2676 665 2775 etquasi
676 2677 795 2776 hujus
808 2678 917 2751 navis
931 2679 1047 2754 tantis
1052 2677 1205 2778 jactatae
1219 2679 1398 2755 fluctibus

239 2802 477 2900 gubernator
491 2801 767 2878 constituitui⁶.
786 2803 905 2902 Rapto
927 2811 1056 2879 autem
1076 2804 1115 2879 in
1131 2804 1309 2880 exsilium
1334 2806 1397 2879 Li-

235 2926 353 3019 berio,
377 2934 508 3002 utrum
520 2927 635 3002 Felici
648 2927 688 3001 in
703 2929 831 3003 locum
842 2927 982 3003 Liberii
995 2931 1044 3004 ab
1061 2929 1209 3004 Arianis
1230 2930 1398 3005 intruso?

234 3053 415 3150 paruerit,
435 3078 569 3146 necne,
595 3053 661 3128 alii
677 3052 851 3130 videant:
869 3056 941 3129 hoc
958 3062 1109 3130 tantum
1132 3056 1273 3130 afferre
1286 3057 1396 3130 volu-

235 3201 335 3270 mus,
353 3179 534 3254 reducem
548 3179 647 3277 apud
670 3178 865 3254 Liberium
894 3180 998 3255 haud
1022 3179 1062 3252 in
1097 3179 1237 3256 minori
1270 3183 1396 3280 gratia

235 3304 443 3380 Damasum
458 3303 574 3380 luisse
585 3304 610 3378 ⁸.
652 3319 653 3324 ’

283 3429 465 3520 Tandem,
488 3454 509 3502 e
536 3428 634 3502 vivis
661 3428 813 3502 sublato
849 3427 1011 3519 Liberio,
1033 3430 1219 3506 Damasus
1251 3431 1393 3531 ipsein

235 3553 356 3628 sancti
376 3553 572 3648 Laurentii
603 3551 761 3628 basilica
793 3577 917 3651 nuper
948 3577 972 3628 a
1005 3553 1260 3631 Constantino
1280 3581 1396 3657 supra

235 3677 414 3779 martyris
436 3680 656 3779 sepulcrum
675 3676 851 3768 excitata,
869 3671 1044 3753 summus
1061 3679 1236 3756 Pontifex
1251 3684 1395 3758 saluta-

252 4058 256 4067 »
272 4035 295 4081 1.
314 4029 404 4084 Sancti
419 4030 527 4084 Damasi
539 4043 648 4082 carmen
661 4029 743 4082 XXV.

269 4122 294 4165 2.
312 4113 446 4167 Anasnsii
456 4112 655 4167 Bibliothecarii
671 4117 732 4167 Vita
742 4117 831 4167 sancti
842 4113 968 4178 Fabiani,
979 4113 996 4182 S
1007 4123 1032 4168 5.
1118 4111 1122 4116 ’

269 4207 294 4252 3.
315 4197 406 4252 Sancti
420 4197 527 4252 Damasi
540 4213 649 4252 carmen
664 4200 772 4252 XXIII.

269 4291 293 4336 4.
310 4282 431 4338 Faustini
442 4287 469 4336 et
480 4282 628 4338 Marcellini
638 4284 754 4337 Libellus
761 4297 882 4351 precum,
897 4283 914 4348 s
928 4292 950 4334 1.

270 4379 294 4423 5.
312 4367 445 4422 Anasusii
455 4365 654 4421 Bibliothecarii
669 4371 727 4421 Vita
738 4369 825 4421 sancti
839 4369 989 4444 §plectra
1028 4393 1032 4402 ·

271 4465 295 4508 6.
316 4458 394 4509 aesta
403 4454 503 4507 liberii
510 4467 601 4520 popa,
615 4451 632 4519 5
645 4459 669 4505 3.

269 4547 293 4592 7.
310 4537 576 4594 Theodorctiliistor.
585 4536 696 4603 Eram,
709 4538 741 4602 11,
753 4548 811 4590 m.
823 4535 1056 4600 -Rufln.,ll,1v.
1183 4573 1185 4580 .
1260 4579 1262 4586 .

238 4653 242 4656 -
271 4628 294 4677 8.
312 4623 441 4679 Merenda
454 4623 610 4690 Protogeni„
623 4625 645 4685 Ι,
658 4639 696 4677 ιν.
704 4651 735 4661 -
746 4621 866 4676 Faustini
873 4625 900 4676 et
908 4619 1053 4675 Marcellini
1066 4622 1309 4690 libellusprecam,
1317 4638 1392 4690 pra·

234 4711 324 4777 fat-‚5
339 4719 363 4764 2.
