3592 5668
888 642 1071 708 -26-

400 783 515 858 tanda
541 782 659 881 aquis
675 783 814 858 fidibus
829 783 1013 874 earmina,
1031 779 1260 869 adhibuerit,
1271 781 1337 854 sad
1352 787 1394 854 ut
1412 779 1555 855 litteras

400 907 513 1008 ipsaS,
534 908 675 1007 quihus
689 909 805 982 verba
824 916 1010 999 constant,
1029 907 1205 983 insolenti
1223 907 1389 1006 quodam
1409 913 1445 980 et
1462 906 1555 980 obli-

399 1061 475 1142 quo
495 1041 627 1117 ordine
645 1042 873 1142 disponeret,
891 1051 929 1119 et
953 1043 1007 1118 sia
1026 1045 1174 1142 figuras
1193 1041 1378 1141 quasdam
1394 1040 1471 1116 sive
1488 1067 1555 1116 na-

399 1167 470 1259 via,
490 1167 568 1241 sive
584 1169 707 1244 oruois
720 1177 785 1245 aut
803 1195 880 1244 arm
897 1169 1139 1259 describeret,
1151 1167 1372 1268 junctisque
1390 1167 1442 1242 ita
1457 1166 1555 1241 inter

401 1315 440 1366 se
460 1292 594 1367 litteris
612 1318 710 1371 nova
727 1295 841 1370 etiam
862 1294 1048 1370 obtineret
1066 1292 1251 1369 earmina.
1269 1293 1361 1380 Quae
1383 1291 1552 1392 quidem,

399 1419 573 1521 quamvis
601 1422 703 1518 apud
734 1420 1023 1496 Constantinum
1047 1420 1238 1495 valuerint
1253 1419 1276 1509 ¹,
1304 1419 1403 1493 ultro
1426 1425 1554 1492 tamen

400 1542 660 1640 irrideremnS,
679 1544 751 1620 nisi
772 1547 948 1622 amisero
970 1554 1067 1637 vate,
1087 1553 1130 1621 ut
1150 1547 1197 1622 ab
1216 1545 1348 1644 iniquo
1366 1544 1479 1619 exilio
1500 1569 1556 1617 re·

398 1678 611 1761 vocaretur,
637 1695 783 1770 magno
806 1673 1016 1763 molimine,
1043 1672 1153 1772 quasi
1181 1671 1301 1748 altera
1319 1670 1469 1760 Tristia,
1495 1695 1554 1744 es-

400 1803 484 1872 sent
498 1797 723 1896 conscripta.

410 1939 413 1946 ⁴
443 1921 494 1995 ‘At
510 1921 745 1998 christidolus
759 1923 953 1998 interduo
972 1921 1184 2023 praesertim
1202 1921 1399 1996 eminuere
1420 1926 1552 2018 poetae,

399 2047 616 2123 Juvenous²
636 2057 672 2125 at
685 2049 867 2124 'Sedulius
882 2049 906 2122 ³.
937 2049 1058 2122 Ambo
1076 2071 1153 2122 non
1176 2071 1264 2121 rara
1284 2046 1472 2137 carmina,
1490 2045 1555 2119 sed

399 2173 528 2272 plures
542 2171 716 2248 versibus
730 2173 847 2248 libros
860 2174 1182 2273 conscripserunt,
1202 2173 1316 2247 ambo
1333 2172 1450 2246 nobili
1474 2195 1556 2245 oar-

400 2299 503 2373 mine
524 2299 750 2374 christianos
767 2299 1232 2400 explioaveruntannaleS,
1251 2304 1288 2372 et
1297 2323 1358 2371 res
1373 2323 1395 2371 a
1408 2297 1555 2371 Christo

401 2429 503 2500 aetas
526 2425 627 2500 duloi
646 2425 843 2501 Musarum
862 2427 1000 2525 lingua
1020 2426 1247 2500 retulerunt·
1265 2425 1386 2499 Ambo
1403 2423 1556 2499 assidua

400 2575 490 2625 oum
509 2552 642 2627 Flacco
667 2559 703 2626 et
724 2547 880 2628 Marone
903 2552 1115 2650 praesertim
1144 2551 1400 2626 familiaritate
1432 2549 1555 2624 ornati

400 2677 1027 2753 vatumdulciamendaoiaveritati
1039 2684 1219 2776 aptarunt
1228 2684 1265 2752 et
1274 2677 1555 2774 seripturarum

400 2799 529 2898 rigida
542 2801 697 2901 quidem
712 2809 748 2876 et
761 2801 958 2901 majestate
972 2801 1081 2901 quasi
1097 2801 1334 2875 inhorrentia
1349 2800 1465 2874 verba
1472 2825 1556 2874 ver-

401 2951 516 3001 suum
540 2926 729 3002 illecebris
744 2935 781 3002 et
798 2928 996 3002 Musarum
1011 2928 1216 3002 veneribus
1231 2932 1552 3026 temperaverunt.

451 3055 505 3128 Ne
521 3061 649 3129 tamen
666 3053 825 3154 ingenio
840 3061 878 3129 et
893 3060 974 3129 arte
989 3079 1100 3152 pares
1116 3054 1216 3129 inter
1235 3079 1275 3128 se
1294 3054 1314 3128 J
1317 3077 1504 3128 uvenoum
1521 3060 1557 3128 et

401 3179 597 3254 Sadulium
612 3179 801 3256 dieamus:
818 3179 936 3256 tristis
953 3179 1055 3254 enim
1070 3186 1106 3264 et
1121 3179 1159 3252 in
1171 3179 1252 3277 ipsa
1267 3179 1558 3254 oarminumlae-

403 3306 485 3381 titia
504 3305 713 3403 exsanguis
732 3313 769 3380 et
797 3307 963 3404 frigidus
993 3307 1185 3381 luvenous
1211 3306 1374 3398 videtur,
1405 3305 1557 3404 proprio

403 3432 685 3530 seripturarum
701 3431 875 3506 sermoni
893 3431 1009 3504 nimis
1034 3429 1238 3523 iuhaerens,
1256 3432 1372 3506 verbo
1396 3431 1556 3505 verbum

402 3559 639 3634 reddendum
659 3564 780 3650 aurat,
801 3564 838 3632 et
862 3556 1030 3631 veritatis
1056 3557 1183 3654 magis
1212 3578 1329 3655 quam
1360 3555 1557 3629 Musarum

402 3684 605 3774 studiosus
620 3682 824 3782 ingenium
839 3683 952 3756 simul
979 3688 1016 3756 et
1043 3681 1214 3755 carmina
1235 3680 1419 3779 reprimit,
1438 3679 1490 3755 ita
1517 3687 1558 3755 ut

404 3809 700 3886 versificatorem
721 3809 977 3908 potiusquam
996 3814 1146 3905 poetam
1172 3806 1414 3882 eum'merito
1439 3806 1555 3881 dions

404 3939 451 4014 At
469 3942 615 4026 eontra,
633 3935 664 4011 si
677 3959 765 4010 vere
778 3941 928 4033 poetam
943 3935 1073 4032 legere
1094 3933 1237 4033 cupias,
1260 3931 1476 4006 Sedulium4
1492 3957 1558 4005 ou-

441 4296 463 4339 1.
482 4285 650 4340 Constamim
658 4289 745 4352 Epist.
758 4285 795 4338 od
804 4285 985 4351 Porphyrium
998 4285 1119 4351 (Patrot.
1131 4286 1193 4346 lot,
1209 4287 1230 4334 t.
1243 4283 1311 4348 XIX,
1326 4281 1377 4337 ool.
1390 4287 1464 4348 395).

439 4381 464 4426 2.
484 4371 541 4425 Caii
549 4369 631 4425 Vettii
640 4368 762 4438 Aquiliui
770 4367 881 4422 quenci
891 4369 1016 4435 Evanyel.
1030 4367 1158 4434 latoria,
1169 4365 1215 4420 lib.
1225 4368 1259 4420 IV
1265 4370 1377 4432 (patrat.
1391 4369 1448 4432 lat,
1458 4371 1478 4420 t.
1490 4368 1556 4431 XIX,

391 4458 674 4597 'wll-ddldilisedulii
689 4539 936 4606 darmenposctate
946 4539 1061 4606 (Patr-ol.
1073 4539 1135 4601 tot,
1146 4541 1165 4590 t.
1177 4537 1243 4600 XIX,
1254 4537 1304 4590 eol.
1316 4545 1374 4600 549,
1386 4539 1458 4603 eta).

437 4633 463 4680 t.
482 4627 621 4681 Fortunati
640 4627 697 4679 Vtra
715 4628 941 4686 annalistarum,
961 4621 1010 4676 lib.
1029 4625 1049 4687 I,
1068 4637 1136 4677 vers.
1157 4631 1187 4674 15
1207 4625 1320 4687 (Patrol.
1337 4625 1398 4684 lat„
1415 4625 1433 4675 t.
1453 4627 1509 4690 88).
1526 4653 1558 4664 —

406 4713 496 4767 Sancti
507 4710 601 4764 Isidori
613 4709 783 4780 Hispanensis
793 4713 822 4764 tn
836 4709 1001 4763 Bibliotheca
1013 4721 1107 4762 versus
1122 4711 1235 4774 (Patrot.
1251 4711 1312 4772 tat,
1323 4713 1343 4762 t.
1355 4709 1506 4774 LXXXIII).

891 4803 902 4828 Ι
