3592 5668
261 1730 311 1792 DE
333 1729 383 1792 Ils
407 1730 473 1801 QUI
497 1729 600 1790 ANTE
621 1726 816 1789 DAMASUM
835 1727 953 1787 INTER
974 1725 1231 1790 CHRIS'IIANOS
1255 1728 1379 1790 VA'I'ES

683 1833 963 1898 EXSTI'IERUN'I.
1152 1851 1157 1864 ·

294 2458 365 2545 Qui
406 2457 562 2555 quidem
592 2457 691 2532 inter
720 2457 969 2549 christianos,
1005 2484 1125 2558 usque
1163 2459 1212 2533 ad
1247 2461 1400 2535 Damasi

246 2593 407 2683 tempus,
440 2583 608 2658 studium
628 2582 782 2682 poeticae
802 2582 1000 2675 fovissent,
1037 2584 1076 2657 in
1105 2584 1141 2658 id
1177 2586 1401 2661 studuerant

245 2709 424 2801 maxime,
438 2717 479 2785 ut
499 2708 726 2783 christianos
755 2710 869 2782 fastos
897 2708 1117 2783 carminum
1137 2710 1399 2788 blandimento

174 2835 176 2838 ’
244 2845 281 2910 et
309 2835 494 2911 illecebris
522 2835 736 2924 induerent,
762 2843 799 2908 et
827 2834 880 2908 sic
907 2835 1204 2911 christianorum
1224 2837 1398 2912 animum
1462 2865 1465 2878 ⁵

244 2959 366 3049 abiis,
383 2959 448 3059 qui
469 2959 647 3058 praeclare
661 2959 855 3056 quondam
867 2959 961 3032 salsa
982 2958 1200 3033 cecinerant
1220 2960 1394 3050 numina,

243 3085 380 3159 melius
406 3091 632 3159 averterent.
649 3083 761 3158 Haud
775 3084 885 3180 pauci
901 3083 1005 3156 enim
1029 3082 1162 3158 divum
1175 3084 1391 3160 Constanti-

244 3236 350 3302 num,
374 3234 494 3309 quum
518 3210 566 3284 ad
586 3208 813 3284 christianos
833 3234 872 3283 se
898 3208 1129 3301 inclinasset,
1160 3211 1318 3286 minime
1342 3237 1397 3286 se-

243 3336 333 3428 cuti,
352 3336 390 3409 in
414 3335 582 3410 colendis
599 3335 675 3409 diis
689 3335 982 3433 perseverabant
1001 3335 1025 3426 ¹,
1044 3343 1080 3410 et
1101 3335 1178 3409 sive
1194 3345 1397 3412 consuetu-

243 3463 345 3551 dine,
361 3460 440 3535 sive
448 3460 687 3535 contumacia
697 3461 863 3559 quadam
873 3459 899 3552 ²,
909 3460 986 3534 sive
997 3459 1166 3556 pristinae
1179 3461 1396 3560 reipublicae

244 3586 378 3685 gloriae
406 3585 603 3676 memoria,
626 3585 704 3660 sive
731 3585 845 3660 etiam
871 3585 998 3684 gentis
1030 3585 1208 3683 superbia
1234 3587 1353 3660 delusi
1369 3587 1394 3681 ³,

242 3710 488 3785 christianam
514 3710 744 3808 respuebant
768 3711 897 3800 fidem,
923 3709 984 3784 cui
1010 3709 1124 3783 etiam
1147 3718 1235 3785 ante
1263 3735 1396 3786 omnes

243 3835 514 3935 repugnabant
525 3835 795 3928 adulescentes,
815 3834 895 3932 qui,
910 3834 1108 3908 rhetorum
1123 3834 1163 3909 in
1181 3861 1313 3911 scenas
1329 3838 1395 3913 de-

277 4188 299 4230 4.
320 4176 427 4230 Eusebii
449 4181 509 4232 I'Ita
522 4177 699 4246 constantini,
710 4177 756 4231 lib.
775 4181 808 4246 II,
821 4194 878 4248 cap.
891 4194 916 4239 ι,
933 4195 975 4232 nx.
986 4205 1016 4219 —
1034 4179 1131 4232 Zosimi
1145 4184 1256 4243 Histra,
1267 4184 1298 4240 11.
1313 4183 1343 4251 §S
1352 4191 1394 4249 29,

243 4271 284 4318 36.
301 4290 336 4302 -
346 4260 462 4329 chastel,
477 4267 549 4317 14666.
564 4265 597 4316 de
607 4265 635 4316 ta
647 4265 811 4316 destruction
831 4266 868 4317 du
878 4270 1035 4332 6696666666
1053 4266 1121 4318 dans
1136 4265 1396 4331 t’emptrea’ortenc

243 4362 269 4414 p.
282 4353 324 4410 64,
341 4354 382 4406 67,
395 4354 438 4407 76,
449 4355 489 4401 76.

276 4443 300 4484 2.
320 4433 451 4494 ozanam,
464 4435 493 4485 la
508 4435 672 4486 artacaeon
685 4447 722 4485 uu
733 4440 762 4486 νο
775 4434 862 4494 attale,
878 4437 900 4486 t.
910 4435 943 4497 II,
954 4431 1030 4503 Iecon
1042 4441 1082 4498 17,
1099 4451 1125 4505 p.
1139 4442 1197 4488 666.

276 4525 301 4570 3.
319 4519 447 4588 Beuguct
458 4522 529 4572 Htst.
542 4519 575 4571 de
587 4521 614 4571 Ia
626 4520 788 4572 destruction
804 4520 842 4572 du
851 4524 1009 4586 puaantsme
1022 4522 1091 4574 dans
1105 4523 1224 4588 I'empire
1235 4524 1397 4587 d'occident,

242 4601 403 4669 Introduct,
413 4619 439 4673 p.
458 4609 500 4667 34,
521 4610 562 4657 36.
578 4633 608 4642 -
626 4605 753 4669 ozanam,
768 4604 796 4657 Ia
817 4607 983 4658 otvittsutton
1001 4606 1179 4671 attrectato,
1200 4612 1220 4659 t.
1241 4610 1260 4668 I,
1278 4606 1351 4676 Ieron
1370 4616 1396 4671 4,

243 4704 268 4758 p.
285 4695 339 4750 136,
351 4695 408 4744 137.
419 4719 450 4728 -
462 4690 550 4742 Imm.
565 4687 689 4751 44666614,
700 4689 812 4751 xvaII,
824 4704 862 4742 rr.
