3592 5668
892 615 1070 682 ..70-

404 750 577 826 animum
599 751 832 826 Theodosius
864 753 981 846 flexit,
1007 754 1149 854 quique
1174 753 1371 852 generosis
1396 755 1562 854 ¹Agnetis

404 884 537 975 captus
551 875 750 968 illecebris,
769 879 869 954 hanc
883 879 963 978 ipse
977 881 1082 954 haud
1097 877 1261 978 ignobili
1281 880 1452 955 carmine
1472 907 1561 978 pro-

403 1009 555 1077 secutus
568 1010 635 1078 est.
654 1002 774 1090 Quem
789 1004 946 1103 quidem
959 1005 1134 1080 sensibus
1153 1007 1344 1095 crebrum,
1363 1005 1556 1080 alacritate

398 1128 630 1226 jucundum,
648 1153 882 1226 magnarum
897 1130 1187 1220 sententiarum,
1200 1156 1295 1229 quas
1309 1130 1418 1228 quasi
1432 1156 1559 1205 excer-

404 1278 492 1351 pere
518 1260 555 1328 et
580 1253 722 1328 relerre
745 1254 879 1352 possis,
901 1255 1026 1329 colore
1053 1254 1249 1353 insignem
1275 1257 1498 1344 laudamus;
1521 1264 1559 1329 at

402 1377 469 1450 ubi
483 1379 530 1452 de
548 1386 678 1454 sancta
691 1379 840 1477 Agnete
854 1379 999 1479 agitur,
1017 1382 1224 1456 obscurum
1239 1388 1367 1456 tamen
1384 1389 1421 1457 et
1436 1381 1556 1456 incer·

671 1709 753 1764 llluse
766 1710 844 1780 pieta
864 1710 944 1764 vestis
961 1710 1062 1771 inania,

669 1796 748 1858 Iram,
762 1788 898 1860 timorem,
910 1798 982 1861 vota,
996 1794 1124 1864 pericula,

669 1881 747 1933 Nune
756 1879 963 1948 tristelengum‚
978 1895 1050 1934 nune
1065 1879 1142 1933 breve
1153 1878 1290 1947 gaudium,

668 1963 770 2018 Livoris
785 1965 837 2017 etri
851 1966 986 2019 fumificas
1002 1964 1081 2024 laces,

669 2049 800 2116 Nigrescit
814 2048 885 2102 unde
896 2063 955 2118 spes
965 2049 1107 2101 bominum
1120 2050 1146 2099 et
1158 2046 1246 2111 decus,

669 2135 702 2187 Et
718 2132 791 2202 quod
803 2134 939 2188 melorum
953 2138 992 2187 est
1002 2133 1098 2186 tetrius
1111 2132 1236 2185 omnium

669 2219 830 2272 Gentilitetis
845 2219 951 2272 sordida
967 2218 1069 2273 nubile.
1201 2211 1204 2224 ’

671 2304 731 2356 Hac
742 2301 825 2357 calcat
835 2306 922 2372 Agnes
932 2319 962 2357 ac
974 2303 1039 2373 pede
1049 2303 1170 2374 proterit,

669 2389 747 2442 Stans
759 2392 786 2441 et
794 2387 916 2442 draconis
926 2388 996 2442 calce
1006 2403 1130 2458 premens
1142 2391 1233 2457 caput,

670 2473 783 2525 Terrena
796 2472 891 2526 mundi
905 2471 953 2542 qui
968 2472 1039 2526 leros
1054 2473 1146 2526 omnia

670 2557 777 2626 Spargit
788 2557 906 2620 venenis,
918 2557 1017 2626 mergit
1027 2561 1053 2611 et
1064 2556 1169 2623 inleris3

672 2643 749 2696 Nunc
759 2641 886 2712 virginali
899 2642 1062 2712 perdomitus
1077 2641 1144 2702 solo,

678 2725 775 2780 cristas
789 2725 890 2780 cerebri
901 2727 1030 2795 deprimit
1045 2727 1127 2796 ignei,

671 2813 724 2865 Nee
736 2811 825 2864 victus
837 2812 917 2865 audet
929 2812 1024 2865 tollere
1037 2812 1173 2865 verticem.

672 2896 762 2966 Cingit
773 2897 878 2950 aaronis
894 2893 995 2950 interea
1007 2897 1077 2950 Deus

675 2983 800 3034 Frontem
813 2979 917 3033 duabus
926 2982 1049 3050 Martyris
1063 2983 1185 3044 innuba,

671 3065 757 3118 Unam
770 3063 921 3134 decemplex
934 3064 1005 3118 edita
1021 3066 1104 3120 sexies

672 3151 767 3204 Merces
783 3151 893 3217 perenni
910 3149 1014 3203 lumine
1027 3151 1144 3216 conticit,

673 3234 804 3286 Centenus
817 3238 901 3287 exstat
914 3234 1017 3288 tructus
1030 3235 1059 3286 in
1072 3234 1164 3288 altera.

674 3319 695 3371 0
706 3319 781 3386 virgo
795 3317 870 3372 felix!
888 3333 904 3370 o
916 3334 985 3372 nova
996 3319 1096 3388 glorie!

675 3403 792 3457 Goelestis
804 3403 872 3457 arcis
886 3403 984 3457 nobilis
997 3405 1096 3467 incole,
1194 3472 1195 3475 Ἰ

673 3489 781 3543 Intende
794 3489 891 3543 nostris
904 3489 1101 3544 colluvionibus

673 3573 786 3627 Vultum
797 3573 910 3643 gemello
923 3589 986 3628 oum
997 3573 1155 3637 diademate,

674 3659 723 3713 Cui
737 3675 813 3728 posse
826 3659 877 3713 soli
889 3659 1079 3728 Cunctiperens
1092 3659 1166 3712 dedit

674 3744 782 3797 Castum
796 3742 838 3795 vel
851 3743 943 3812 ipsum
953 3743 1060 3797 reddere
1073 3743 1213 3798 lomacem.
1323 3773 1327 3782 ·

672 3827 807 3894 Purgebor
818 3827 872 3880 oris
885 3827 1063 3896 propitiabilis
1107 3845 1110 3850 ’

676 3911 802 3979 Fulgore,
815 3916 938 3964 nostrum
951 3913 973 3964 si
984 3913 1059 3981 jecur
1071 3911 1192 3981 impleas.

674 3994 720 4049 Nil
734 4011 787 4048 non
799 3996 929 4064 pudicum
940 4001 994 4060 cst,
1008 3995 1080 4065 quod
1093 3997 1137 4066 pia
1150 3998 1232 4049 visere

676 4079 811 4147 Dignaris,
825 4078 897 4132 elme
910 4079 953 4133 vel
965 4079 1029 4148 pede
1044 4084 1156 4148 tangere.
1176 4133 1179 4138 ,

442 4219 531 4274 Sancti
560 4217 702 4281 Ambrosii,
720 4217 861 4272 Mediolon.
878 4218 974 4288 episc,
993 4223 1114 4288 nymnos
1131 4224 1231 4272 sancta
1252 4223 1343 4285 appeti
1354 4187 1356 4190 Ι
1367 4223 1481 4288 (Petrei.
1503 4225 1565 4287 lot,

410 4311 430 4359 t.
452 4307 550 4371 xvlt):

776 4417 863 4484 Agnes
873 4415 955 4469 beata
965 4415 1085 4485 Virginis

749 4499 850 4553 Natalis
864 4506 914 4564 est,
923 4517 977 4569 quo
989 4501 1116 4570 spiritum

746 4583 817 4638 Coelo
839 4584 1074 4638 retuditvdebitum

744 4669 899 4723 Piosncrote
912 4669 1048 4740 sanguine,
1083 4709 1107 4736 ,¹
