3592 5668
740 631 917 698 ..35-

254 776 359 865 bant,
395 783 432 848 et
455 774 509 849 nil
542 774 576 848 ei
606 753 679 847 nisi
709 773 879 870 primum
912 775 1014 848 inter
1039 775 1254 849 animantes
1277 776 1412 850 locum

254 901 525 991 concedebant,
543 925 708 1001 eumque
723 900 826 974 orbis
844 926 921 974 nou
936 907 1146 976 creatorem
1162 903 1228 976 sed
1238 901 1413 999 opificem

255 1025 440 1100 exstitisse
457 1025 767 1101 contendebant¹.
799 1027 877 1100 Neo
908 1026 1034 1125 ipsum
1059 1027 1097 1102 id
1111 1049 1113 1056 ’
1125 1027 1258 1102 fefellit
1273 1027 1412 1101 Dama-

255 1174 356 1243 sum,
383 1175 518 1225 rursus
531 1149 635 1224 enim
661 1150 709 1224 de
731 1148 879 1225 Christo
900 1175 990 1225 mox
1007 1174 1163 1226 carmen
1183 1151 1409 1249 composuit,

256 1284 306 1368 et,
322 1280 403 1376 ejus
423 1275 630 1351 divinitatis
644 1278 756 1374 plane
769 1284 946 1367 assertor,
958 1277 1066 1352 illum
1084 1277 1244 1351 minime
1266 1277 1413 1375 impru-

258 1404 352 1477 dens
375 1427 465 1477 vere
481 1404 602 1477 Deum
620 1410 656 1476 et
674 1401 777 1476 Patri
790 1402 948 1477 omnino
962 1427 1094 1501 parem
1117 1404 1220 1478 haud
1241 1393 1414 1502 indignis

258 1528 384 1603 verbis
398 1528 580 1627 praedicat
595 1558 604 1601 ι

436 1765 506 1826 lure
530 1761 599 1842 pari
627 1768 739 1844 regnat
755 1761 935 1826 eommums
954 1762 1102 1826 conditor
1119 1765 1192 1842 cvl,

437 1872 477 1934 Et
491 1888 566 1935 oum
577 1873 671 1933 Patre
684 1871 737 1952 pia
757 1875 868 1952 regnat
881 1870 1026 1932 sublimis
1047 1871 1079 1932 in
1099 1873 1190 1949 arcE,

439 1978 571 2040 Sidereo
607 1978 724 2040 sanctis
761 1977 876 2041 insidet
906 1977 1036 2041 numine
1070 1979 1181 2060 regnis

439 2085 528 2147 Vnde
542 2101 629 2146 mare
643 2090 675 2147 et
685 2091 786 2147 terras
798 2085 866 2147 solo
878 2085 964 2148 videt
974 2085 1080 2147 omnia
1094 2088 1191 2167 nutv,

440 2192 587 2273 Suggerit
603 2191 736 2254 humani
756 2198 789 2255 et
812 2193 908 2254 donat
925 2210 1057 2255 munera
1077 2192 1189 2276 rebuS.

312 2406 355 2480 In
377 2406 448 2480 isto
463 2404 619 2504 quidem
634 2403 804 2480 carmine
820 2404 1011 2503 peculiare
1031 2404 1069 2480 id
1084 2412 1122 2479 et
1132 2402 1328 2479 insolitum
1338 2403 1422 2479 ani-

261 2522 549 2610 madvertimus,
570 2524 673 2622 quod
688 2521 861 2596 Christus
876 2548 954 2597 non
982 2522 1110 2597 verbis
1123 2529 1274 2598 tantum
1287 2529 1325 2598 et
1339 2522 1422 2621 ipsa

262 2647 444 2722 carminis
458 2647 571 2722 laude
585 2645 811 2736 celebratur,
839 2645 906 2720 sed
932 2645 1099 2745 singulis
1125 2645 1254 2737 etiam,
1280 2645 1421 2746 quibus

261 2799 394 2848 versus
412 2771 603 2870 incipiunt
620 2796 665 2846 ac
680 2771 873 2859 desinunt,
898 2770 1046 2851 litteris.
1084 2771 1289 2870 Excerptas
1317 2770 1421 2846 enim

262 2898 405 2997 primas
424 2897 670 2997 singulorum
685 2921 868 2972 versuum
885 2895 1030 2972 litteras
1044 2895 1076 2970 si
1100 2896 1201 2971 inter
1224 2923 1264 2974 se
1282 2897 1423 2997 junxe-

263 3023 328 3114 ris,
351 3026 421 3099 has
436 3048 592 3099 sensum
620 3024 780 3099 reddere
806 3023 959 3113 senties,
977 3029 1076 3098 etex
1095 3023 1168 3098 ista
1183 3025 1420 3100 connexione

263 3173 402 3225 nomen
432 3149 559 3250 ipsum
589 3148 718 3222 lllSVS
737 3147 894 3246 effingi3
931 3147 1072 3222 sivero
1096 3149 1263 3240 ultimas,
1282 3149 1422 3250 quibus

263 3276 402 3352 desinit
426 3300 610 3351 versuum
625 3275 755 3366 series,
778 3274 922 3349 litteras
938 3275 1254 3375 congregaveris,
1280 3277 1423 3375 pariter

265 3403 355 3477 inde
369 3402 503 3478 existet
522 3402 662 3477 lESVS.

314 3528 422 3616 Quod
437 3525 619 3601 carminis
639 3551 764 3624 genus
785 3530 962 3626 ἀκρόστιχον
983 3527 1085 3625 apud
1098 3504 1248 3604 Groeco's
1262 3524 1421 3620 dietum,
1488 3550 1490 3558 ¹

264 3662 301 3730 et
316 3655 418 3754 apud
436 3651 737 3728 Alexandrinum
752 3660 904 3752 poetam
918 3655 1111 3753 quondam
1123 3654 1422 3756 frequentatum,

267 3782 452 3855 Damasus
468 3804 544 3853 non
565 3779 682 3853 semel
709 3774 885 3869 adhibet;
919 3806 1054 3856 rursus
1083 3780 1200 3882 enim,
1230 3808 1351 3882 quum
1375 3780 1422 3858 de

266 3905 414 3980 Christo
440 3906 555 3981 breve
574 3905 767 4006 quoddam
791 3899 994 4005 incepisset
1012 3932 1182 3998 carmen,
1213 3903 1361 3983 curavit
1380 3918 1423 3985 ut

265 4031 400 4106 litterae
433 4029 629 4130 incipienti
663 4030 801 4130 cuique
835 4037 872 4106 et
890 4029 1079 4107 desinenti
1094 4033 1221 4108 versui
1238 4033 1425 4134 impositae

267 4155 536 4258 conjunctione
553 4182 624 4232 sua
645 4156 775 4231 lesum
799 4135 1014 4234 redderent.
1040 4157 1285 4234 Potissimum
1322 4159 1426 4235 enim

303 4550 326 4595 1.
346 4536 503 4594 Theodoreti
523 4542 625 4592 Hister.
645 4538 757 4601 Euclea,
777 4538 798 4601 l,
817 4552 837 4600 ι,
853 4551 895 4590 ιιι.
913 4565 942 4578 -
963 4536 1054 4592 Sancti
1067 4537 1206 4592 Athanasii
1220 4543 1312 4594 contr.
1332 4545 1427 4595 anan.

269 4623 422 4692 oratio‚§§
436 4630 535 4687 aaa.

302 4721 328 4765 ι.
346 4708 436 4764 Sancti
446 4707 553 4765 Damasi
566 4710 599 4761 de
617 4711 723 4764 curt-rto
736 4723 854 4768 carmen,
873 4708 904 4760 Vr
