3592 5668
866 685 911 698 ..
933 649 975 714 76
1001 683 1043 698 ..

379 789 518 889 quibus
547 797 638 865 tunc
661 815 795 863 omnes
816 790 937 889 vulgo
956 791 1162 865 utebantur
1185 791 1399 864 litterarum
1427 791 1534 888 figu-

379 915 433 989 ris
456 920 650 1014 expressit,
678 924 716 991 at
737 942 880 992 novum
908 918 1100 1016 quoddam
1130 925 1167 991 et
1194 917 1392 1016 singulare
1410 942 1534 1016 genus

379 1040 592 1116 litterarum
624 1042 799 1130 adhibuit
832 1068 918 1142 quae
943 1041 1156 1141 praestantis
1185 1043 1318 1116 lormae
1350 1041 1533 1117 beneficio

380 1165 522 1266 ubique
540 1168 668 1242 oculos
681 1167 906 1243 detinerent.
921 1166 1072 1241 Litterae
1083 1167 1187 1240 enim
1202 1168 1333 1266 figura
1344 1169 1531 1258 rotundae,

379 1288 577 1363 altitudine
592 1315 714 1388 pares,
729 1290 811 1388 pari
833 1288 952 1387 spatio
981 1288 1081 1363 inter
1110 1314 1150 1363 se
1171 1289 1367 1381 distantes,
1398 1290 1438 1364 in
1457 1297 1533 1365 tre-

381 1414 526 1488 mulam
540 1413 754 1513 exilemque
772 1414 914 1488 lineam
938 1413 1165 1505 desinentes,
1192 1415 1310 1488 rubeo
1324 1416 1447 1490 coloro
1462 1414 1534 1488 im-

379 1548 500 1636 butae,
532 1549 693 1646 alboque
717 1547 757 1622 in
789 1547 913 1646 lapide
941 1547 1145 1637 radiantes
1168 1547 1366 1647 perspicue
1397 1549 1530 1623 nitent.

381 1672 489 1758 Quod
506 1671 720 1747 litterarum
737 1699 862 1772 genus
881 1698 1001 1771 usque
1026 1673 1074 1746 ad
1093 1697 1163 1747 nos
1181 1674 1452 1750 Damasianum
1468 1700 1535 1748 no-

379 1795 483 1869 mine
497 1795 642 1871 dictum
665 1804 733 1872 est.

428 1921 630 1996 Christiani
650 1947 745 2021 ergo
760 1949 893 2022 quum,
917 1922 979 1998 die
993 1923 1196 2016 dominica,
1222 1931 1265 1998 ut
1283 1931 1375 2000 tune
1394 1927 1533 2000 solem-

380 2071 427 2119 ne
451 2046 654 2137 habebant,
676 2055 825 2147 cryptas
849 2049 1157 2148 ingrederentur,
1180 2048 1337 2148 piasque
1365 2049 1416 2122 ibi
1441 2052 1534 2124 late-

379 2173 467 2246 bras
481 2171 701 2264 inviscrent,
721 2173 760 2246 in
783 2180 944 2273 utraque
959 2181 1065 2272 parte
1081 2174 1280 2272 dispositos
1293 2199 1361 2274 per
1372 2175 1534 2272 parietes

378 2304 592 2396 martyrum
611 2299 755 2397 lapides
770 2301 1022 2391 mirabantur,
1039 2308 1076 2374 et
1094 2301 1180 2400 quis
1199 2302 1365 2400 singulis
1383 2303 1454 2376 sub
1478 2303 1534 2376 la-

378 2423 543 2523 pidibus,
561 2449 647 2522 quae
668 2426 716 2498 ab
738 2450 969 2525 unoquoque
987 2436 1107 2527 gesta,
1128 2426 1260 2525 paucis
1283 2426 1438 2525 quidem
1467 2427 1535 2528 sed

379 2548 528 2623 eximiis
556 2574 576 2622 a
607 2548 757 2625 Damasi
791 2550 1027 2627 carminibus
1061 2553 1281 2632 noscebant.
1322 2551 1414 2625 lnde
1435 2577 1533 2650 prae-

379 2674 510 2748 sertim
538 2675 702 2773 grandia
726 2676 987 2775 percipiebant
1005 2679 1178 2775 exempla
1199 2684 1236 2751 et
1254 2677 1363 2775 quasi
1380 2700 1533 2750 omnem

378 2798 564 2874 virtutum
583 2799 836 2899 disciplinam.
855 2803 1015 2900 Lapides
1030 2802 1135 2877 enim
1149 2802 1423 2901 sepulcrorum,
1438 2827 1534 2900 qua-

379 2924 411 2998 si
428 2925 577 3000 vocales
592 2926 692 3015 faeti,
712 2926 940 3001 christianos
953 2927 1113 3002 virtutes
1129 2953 1262 3001 omnes
1275 2927 1473 3016 docebant,
1490 2928 1535 3000 fi-

380 3051 467 3124 dem
495 3049 651 3144 scilicet,
685 3050 773 3126 vite
800 3051 1054 3144 sanctitatem,
1094 3077 1225 3126 rerum
1273 3054 1532 3126 humanarum

379 3181 651 3274 contemptum,
692 3201 879 3275 magnam
913 3204 1009 3277 erga
1041 3178 1172 3274 inopes
1213 3177 1544 3270 benevolentiam,

378 3307 414 3375 et
437 3299 670 3375 immensum
694 3327 790 3401 erga
817 3303 937 3377 Deum
962 3328 1239 3402 amoremque
1267 3303 1354 3376 fidei
1383 3310 1533 3376 tenaces

379 3449 533 3524 aequum
557 3424 751 3499 mediisin
770 3427 969 3501 tormentis
992 3427 1167 3502 animum
1187 3428 1389 3500 servabant
1410 3425 1532 3499 chris-

380 3549 487 3642 tiani,
506 3557 543 3624 et
560 3549 614 3625 sio
629 3552 848 3625 functorum
869 3551 1046 3627 laudibus
1060 3552 1165 3626 vivos
1187 3552 1449 3656 hortabantur.
1478 3550 1533 3624 lta

380 3675 411 3748 si
426 3674 512 3774 quis
528 3701 574 3749 ex
589 3677 691 3750 Urbe
703 3677 948 3752 Brundisium
962 3704 1030 3776 per
1043 3678 1146 3752 viam
1166 3679 1327 3777 Appiam
1347 3678 1529 3762 tenderet,

380 3799 419 3872 in
449 3806 609 3898 utraque
627 3801 699 3876 viae
727 3809 832 3900 parte
865 3809 990 3876 erecta
1019 3801 1224 3900 aspiciebat
1260 3801 1531 3876 monumenta¹

340 3921 345 3936 ’
382 3924 421 3999 in
440 3925 666 4000 memoriam
684 3926 902 4025 principum
923 3927 1095 4002 virorum
1125 3928 1191 4026 qui
1213 3952 1295 4001 rem
1322 3928 1532 4001 Romanam

377 4051 517 4124 virtute
532 4077 602 4126 sua
621 4059 658 4126 et
671 4052 800 4126 animo
815 4053 1073 4143 condiderant,
1090 4062 1137 4143 et,
1160 4060 1201 4126 ut
1221 4052 1358 4126 eximio
1376 4051 1532 4151 quidem

378 4177 432 4252 ait
450 4184 573 4276 poeta,
592 4177 734 4252 Urbem
746 4178 1025 4279 fecerantquod
1049 4177 1154 4276 prius
1168 4156 1279 4252 Orbis
1294 4177 1408 4252 erat².
1423 4177 1529 4251 Tunc

379 4309 484 4376 tanta
528 4301 673 4378 mirans
704 4303 886 4403 inscripta
915 4303 1104 4402 lapidibus
1137 4301 1314 4393 nomina,
1349 4310 1528 4398 tantaque

899 4507 1105 4515 — —

418 4621 440 4668 t.
457 4618 575 4669 Histoire
584 4615 617 4669 de
629 4620 717 4670 solnta
731 4618 823 4682 docile,
838 4631 884 4684 par
900 4615 962 4668 dom
972 4616 1131 4683 Gudmngm,
1148 4613 1192 4666 ch.
1207 4629 1244 4674 iv,
1256 4601 1404 4666 leidition.

415 4709 439 4752 a.
451 4699 547 4754 Rutilii
556 4700 710 4774 Namatiani
722 4705 895 4754 Itinerartum
906 4700 1011 4764 (amsa,
1028 4701 1100 4761 1867,
1115 4698 1208 4762 in-ttt.
