3592 5668
904 639 1080 708 -18-

422 782 619 869 Damasus
635 802 845 877 eorumque
855 779 1097 854 insolentiam
1105 780 1336 878 compescuit
1347 807 1356 854 :
1368 807 1455 880 quae
1468 783 1571 858 enim

417 907 546 983 Romae
564 930 673 980 novae
687 906 839 981 decreta
858 912 991 980 eontra
1006 906 1063 980 sas
1079 908 1432 1006 promulgaverant,
1446 934 1490 985 ea
1509 927 1570 985 aa*

417 1032 543 1132 oipere
562 1031 763 1121 recusavit,
781 1030 887 1106 etsie
905 1031 1014 1106 irrita
1029 1032 1117 1107 feeit
1130 1033 1153 1122 ¹,
1173 1033 1294 1108 donec
1305 1033 1460 1110 illorum
1483 1063 1570 1134 pre-

416 1157 524 1235 cibus
538 1160 724 1234 adductus
743 1183 787 1232 ea
801 1166 929 1232 tamen
945 1159 1227 1235 confirmaverit
1242 1159 1267 1234 2·.

462 1287 661 1362 Thessalos
675 1293 858 1385 praterea
872 1293 908 1359 et
925 1284 1108 1360 Achaious
1130 1284 1379 1386 Epirotasque
1394 1295 1431 1362 et
1445 1287 1569 1362 Maee-

417 1412 551 1488 donios
571 1412 730 1512 populos
753 1411 852 1486 inter
874 1411 1139 1485 Oooidentales'
1156 1411 1262 1508 prius
1274 1411 1438 1501 habitos,
1463 1415 1569 1487 seda

415 1538 595 1613 Gratiano
614 1536 784 1636 principe
799 1535 1008 1611 Theodosio
1030 1541 1173 1635 Magno
1189 1560 1374 1611 unacum
1396 1537 1568 1614 Orienta-

413 1663 513 1739 libus
528 1662 734 1763 provinoiis
762 1661 932 1751 traditae,
957 1661 1045 1736 novi
1062 1660 1216 1736 faederis
1231 1661 1398 1753 vinoulo,
1422 1690 1471 1738 ne
1491 1665 1565 1739 Ro-

414 1813 617 1866 manorum
632 1788 856 1887 pontificum
871 1785 1139 1862 auctoritatem·-
1149 1795 1371 1885 respuentes
1384 1789 1567 1865 Constan-

414 1914 672 2015 tinopolitanis
698 1913 882 2013 episeopis
911 1912 1009 1987 ultro
1036 1920 1236 2012 parerent,
1273 1915 1453 1990 Romanae
1486 1915 1566 1990 sedi

414 2041 625 2142 conjunxit.
656 2039 968 2116 Thessalonioum
1002 2039 1106 2113 enim
1136 2039 1356 2139 episcopum
1394 2043 1566 2142 legatum

412 2195 526 2244 suum
550 2177 586 2243 et
602 2167 775 2242 omnium
806 2166 845 2239 in
871 2168 943 2240 hae
968 2166 1128 2264 regione
1148 2166 1411 2266 episcoporum
1426 2168 1568 2268 prinoi-

412 2318 499 2394 pem
513 2295 764 2368 etduotorem
783 2290 989 2381 constituit,
1003 2291 1063 2366 eui
1075 2291 1217 2367 seilicet
1234 2293 1562 2393 oaeterisproeesse,

411 2445 550 2520 eosque
566 2419 605 2493 in
626 2427 856 2494 eonventum
879 2443 1032 2516 eogere,
1058 2425 1095 2492 et
1117 2418 1344 2494 dissidentes
1362 2420 1565 2498 coneiliare

411 2553 479 2620 aut
498 2553 669 2621 errantes
686 2546 868 2619 damnare
887 2543 1048 2619 lioeret³.

457 2673 629 2746 Tandem
648 2670 753 2745 senio
774 2669 905 2769 gravis
919 2676 956 2743 et
975 2669 1083 2769 quasi
1097 2677 1218 2744 morte
1236 2671 1308 2744 suh
1324 2670 1406 2770 ipsa
1419 2671 1565 2771 suppli-

411 2822 495 2873 oem
514 2797 648 2872 hahuit
666 2804 703 2871 et
716 2796 931 2894 antepedes
944 2795 1136 2894 jacentem
1155 2797 1428 2894 Symmachum
1440 2797 1561 2889 illum,

410 2924 606 3023 insignem
631 2945 778 3014 eorum,
800 2921 866 3020 qui
880 2929 972 2995 tuno
986 2921 1081 2996 falsa
1097 2920 1259 2996 numina
1282 2923 1463 3014 colerent,
1495 2925 1566 2998 du-

410 3073 494 3124 oem
508 3057 545 3124 et
557 3071 752 3123 summum
765 3045 995 3145 pontificem,
1009 3045 1150 3120 divitiis
1163 3046 1278 3120 etiam
1288 3057 1324 3122 et
1334 3049 1561 3147 eloquentia,

410 3176 636 3251 muneribus
655 3183 691 3251 et
702 3173 818 3273 stirpe
830 3174 1182 3273 pollentemquem,
1194 3201 1314 3274 quum
1325 3177 1427 3275 apud
1444 3177 1571 3250 Theo-¹

410 3302 559 3378 dosium
573 3304 667 3377 salso
686 3308 916 3400 argueretur
930 3299 1044 3399 quasi·
1061 3285 1127 3398 qui
1153 3301 1370 3376 christianis
1390 3303 1562 3376 infensus

409 3430 456 3504 de
480 3428 526 3502 iis
539 3426 701 3527 pessime
716 3433 814 3502 esset
828 3425 1000 3515 meritae,
1019 3427 1226 3518 DamasuS,
1249 3427 1375 3502 missis
1389 3430 1438 3503 ad
1457 3430 1562 3528 prin-

409 3555 533 3653 oipem
549 3551 728 3652 epistolis,
743 3550 937 3652 purgavit,
955 3558 1004 3641 et,
1027 3558 1070 3626 ut
1088 3552 1360 3642 absolveretur,
1377 3554 1558 3629 curavit⁴.

457 3681 549 3767 Quae
567 3679 722 3780 quidem
750 3677 879 3752 omnia
915 3701 1100 3775 magnam
1130 3678 1292 3752 Damaso
1318 3679 1460 3753 samam
1486 3677 1561 3753 eir-

443 4039 465 4084 1.
484 4031 632 4096 sozomen,
645 4029 747 4084 Hutor.
761 4032 869 4096 Boules,
882 4025 936 4092 vn,
948 4044 987 4082 ιι.
1006 4058 1038 4067 -
1057 4028 1208 4096 Tillemont,
1226 4030 1312 4093 Mem,
1332 4035 1351 4086 t.
1365 4033 1401 4092 X,
1420 4031 1490 4102 saint
1501 4031 1561 4086 Gri-

406 4115 479 4184 goire
495 4115 528 4168 de
543 4115 682 4180 Nazianza
691 4119 740 4169 art.
753 4123 796 4181 80,
808 4131 836 4184 p.
850 4121 909 4180 499,
923 4122 981 4169 606.

440 4212 465 4256 2.
484 4200 557 4270 Pagii
571 4205 751 4262 Brevtartum,
762 4216 789 4269 p.
805 4200 846 4252 ar:

439 4293 464 4340 3.
483 4286 628 4341 Christiani
641 4287 709 4356 Lupi
721 4288 756 4339 de
769 4290 893 4339 Romanis
906 4287 1107 4352 appellatione.
1125 4287 1295 4355 (Mogontia,
1316 4288 1397 4352 1664),
1416 4301 1443 4355 p.
1455 4293 1514 4340 627.
1528 4315 1559 4324 -

405 4372 534 4427 Theodori
546 4371 660 4427 Lectoris
673 4373 755 4436 Eiet,
773 4376 792 4424 t.
808 4372 841 4434 ll,
854 4378 950 4438 6.·666,
964 4385 995 4423 ex
1009 4371 1073 4423 edit.
1087 4369 1185 4425 valesii
1200 4370 1334 4437 (Parisiis,
1350 4385 1411 4424 ann.
1426 4370 1514 4436 1673).
1526 4400 1558 4408 -

410 4464 530 4514 Veterum
543 4464 653 4512 Roman.
666 4461 763 4512 Eccles.
776 4462 939 4510 monument.
954 4458 1079 4522 collectio,
1093 4456 1127 4509 ab
1139 4456 1276 4510 Holstenio
1290 4456 1371 4520 edita,
1390 4460 1409 4508 t.
1426 4459 1448 4528 l,
1469 4472 1495 4525 p.
1516 4462 1557 4518 48,

405 4549 437 4598 la
451 4540 909 4610 (Romae‚1662).-Blondel,dela
922 4543 1063 4596 fumauit
1077 4557 1107 4595 en
1118 4543 1233 4608 l'Eyltse,
1246 4557 1273 4610 p.
1285 4547 1332 4595 ⁶27
1342 4541 1464 4609 (Genava,
1474 4544 1557 4616 1641).

438 4637 463 4683 4.
482 4629 645 4700 symmach,
656 4629 755 4698 Epist„
767 4626 814 4682 liv.
827 4628 861 4692 X,
874 4627 950 4696 epist.
963 4642 1057 4681 xxxiv.
1070 4657 1101 4667 -
1118 4625 1269 4689 Tillemont,
1288 4633 1457 4694 Empereurs,
1474 4627 1556 4680 ΤΙιέοὲ

403 4717 473 4780 dese,
488 4717 509 4778 1,
517 4717 534 4782 §
547 4724 587 4769 25.
