3592 5668
725 643 900 710 ...19-

236 783 525 871 cumdederunt,
546 808 710 880 eumque
729 783 767 855 in
783 781 929 882 insigni
944 781 1043 856 inter
1057 781 1247 855 Romanos
1263 783 1389 880 ponti-

236 911 326 983 fices
356 911 436 984 loco
479 909 777 999 constituerunt,
809 908 875 982 sed
914 908 1018 981 haud
1049 906 1246 981 inferiores
1290 907 1390 982 inter

236 1043 340 1109 vates
368 1034 593 1109 christianos
620 1042 745 1133 partes
762 1033 908 1133 poetica
940 1056 1054 1131 opera
1069 1032 1103 1106 ei
1127 1033 1387 1108 obtinuerunt.

239 1160 420 1246 Quamvis
440 1161 542 1235 enim
566 1160 833 1258 carminaque)
856 1161 902 1232 de
929 1157 1045 1232 sacris
1060 1156 1263 1256 Scripturis
1288 1157 1392 1230 etde

239 1286 640 1385 servataevirginitatis
651 1285 841 1384 singulari
852 1285 992 1358 virtute
1004 1283 1394 1382 conscripsit¹,eadem
1463 1259 1466 1267 ¹

239 1437 316 1510 qua
338 1437 398 1486 res
427 1412 598 1484 Romana
636 1410 741 1484 clade
771 1408 1032 1485 interciderint
1049 1418 1085 1484 et
1117 1431 1222 1484 nunc
1255 1406 1396 1481 amissa

242 1537 517 1628 desiderentur,
546 1527 679 1610 versus
697 1542 825 1610 tamen
850 1561 945 1634 quos
976 1541 1190 1634 martyrum
1211 1533 1251 1608 in
1273 1535 1397 1608 hono-

244 1687 326 1736 rem
358 1661 469 1752 fecit,
506 1661 575 1734 etsi
606 1667 791 1735 vetustate
818 1685 1084 1760 annorumque
1118 1659 1261 1760 injuria
1293 1656 1396 1748 elisi,

245 1787 365 1879 nobis
384 1786 494 1886 quasi
509 1785 637 1860 invitis
657 1785 756 1878 satiS,
776 1785 995 1883 superstites
1014 1793 1250 1860 manserunt.

291 1913 343 1986 De
362 1911 423 1986 his
438 1920 567 1987 autem
585 1919 641 1985 est
674 1934 778 1986 nunc
805 1911 1090 2010 disputandum,
1118 1919 1154 1986 et
1181 1935 1299 2010 quam
1322 1907 1397 1984 sint

241 2035 436 2135 elegantes
461 2043 498 2109 et
525 2034 702 2134 jucundi,
728 2059 845 2133 quam
867 2034 1071 2108 veperibus
1098 2040 1135 2109 et
1166 2033 1271 2108 omni
1309 2056 1398 2106 mu-

244 2187 375 2236 sarum
396 2161 524 2259 lepore
540 2158 677 2251 ornati,
702 2185 819 2259 quam
834 2162 966 2236 breves
982 2160 1095 2234 etiam
1114 2166 1150 2233 et
1178 2159 1217 2235 in
1233 2158 1314 2258 ipsa
1328 2158 1401 2232 hac

245 2286 429 2362 brevitate
446 2285 590 2378 diserti,
607 2311 724 2386 quam
749 2294 924 2362 tenerum
954 2295 991 2362 et
1006 2287 1119 2360 molle
1143 2284 1343 2384 spirantes,
1365 2290 1403 2358 et

248 2411 457 2510 praesertim
472 2419 660 2512 quantum
675 2411 820 2510 possint
838 2413 886 2486 ad
901 2413 1177 2510 promovendas
1205 2409 1324 2488 animi
1343 2409 1402 2483 vi-

247 2562 321 2629 res,
338 2536 647 2611 existimandum.

259 2761 261 2764 ¹
293 2663 341 2736 At
354 2688 430 2763 quo
441 2661 592 2762 plenius
604 2661 832 2760 dignoscere
846 2660 957 2736 liceat
970 2686 1088 2761 quam
1120 2660 1345 2761 ingeniosus
1363 2669 1404 2735 ‘et

247 2787 364 2862 solers
377 2785 417 2860 in
446 2786 775 2886 deprehendenda,
789 2810 905 2883 quam
922 2785 1012 2858 felix
1032 2784 1071 2857 in
1092 2785 1313 2860 excudenda
1330 2786 1403 2859 hae

249 2935 347 2987 nova
361 2911 534 3002 materia,
551 2936 668 3011 quam
683 2935 803 3010 sagax
817 2911 856 2984 in
872 2911 991 2985 animi
1011 2910 1185 3008 sensibus
1204 2911 1253 2984 ad
1274 2909 1403 2983 vivum

250 3037 522 3137 exprimendis,
540 3063 657 3144 quam
679 3037 804 3110 mollis
824 3045 861 3111 et
875 3044 1013 3111 natura
1042 3035 1261 3134 benignus„
1287 3061 1404 3134 quam

252 3163 416 3262 simplex.
428 3161 555 3237 verbis
573 3170 610 3236 et
624 3161 774 3236 dicendi
792 3187 934 3261 genere
953 3168 1092 3251 rectus,
1115 3169 1152 3235 et
1179 3167 1306 3236 tamen
1322 3160 1404 3259 ipsa

249 3315 380 3364 rerum
403 3288 658 3388 amplitudine
682 3296 718 3362 et
738 3288 857 3363 animi
882 3286 1081 3362 altitudine
1114 3286 1273 3385 grandis
1290 3286 1405 3360 fuerit

253 3417 436 3490 Damasus
467 3422 608 3505 noster,
637 3415 742 3488 haud
771 3413 904 3488 inutile
930 3415 1058 3488 forsan
1085 3412 1276 3488 videbitur
1298 3412 1404 3511 prius

250 3542 470 3617 existimare
490 3542 622 3639 quales
637 3539 737 3614 inter
759 3539 1004 3628 Christianos,
1021 3565 1043 3613 a
1063 3537 1299 3614 Constantini
1308 3545 1406 3612 tem·

255 3667 411 3767 poribus
425 3669 633 3741 Damasum
643 3665 926 3765 usque,luerint
940 3672 1072 3764 poetae,
1082 3689 1178 3763 quas
1188 3689 1405 3762 res,quam-

254 3819 327 3894 que
348 3792 550 3867 materiam
565 3792 798 3866 carminibus
816 3791 893 3865 sint
923 3789 1114 3889 aggressi,
1138 3789 1231 3889 quid
1257 3789 1405 3888 ingenii

251 3917 397 3991 viribus
411 3924 449 3991 et
462 3924 543 3990 arte
555 3916 757 4005 valuerint,
777 3915 916 4015 quihus
930 3915 1152 4014 spectabiles
1170 3915 1333 4004 dotibus
1355 3922 1406 4006 et,

252 4051 294 4118 ut
319 4043 372 4118 ita
402 4043 540 4134 dicam,
562 4043 685 4142 qualis
701 4043 814 4118 suerit
830 4049 932 4130 ¹ante
959 4041 1165 4145 Damasum
1189 4038 1407 4114 christianis

252 4169 426 4244 Camenis
444 4171 586 4245 vultus.

290 4520 313 4563 ι.
331 4510 421 4566 Sancti
433 4509 589 4579 Hieronymi
599 4512 631 4564 de
639 4514 705 4564 Virts
718 4512 888 4579 Illustrmap·
898 4525 946 4564 cur
956 4526 963 4578 ς
975 4511 1011 4563 ad
1020 4511 1203 4571 Eustochium,
1212 4513 1295 4577 spot.
1312 4513 1407 4573 IIIIII,

252 4592 310 4658 §23
322 4597 359 4648 od
372 4597 541 4660 Pammccda
555 4600 642 4664 Epist.
652 4599 778 4659 XLVIII,
792 4596 808 4664 ς
825 4600 867 4649 18.
