3592 5668
712 619 888 687 ..69-

226 760 308 846 Qua
322 759 435 835 etiam
452 760 490 835 in
505 786 545 836 re
568 764 680 862 plane
697 760 947 837 devincitura
972 761 1132 835 Damaso
1155 759 1378 836 Ambrosius

226 885 287 959 ille
319 886 602 978 celeberrimus,
629 886 739 987 cujus
763 913 854 962 voce
881 894 918 961 et
948 886 1170 962 auctoritate
1202 893 1316 985 caput
1343 893 1378 961 et

224 1081 375 1092 --.—--

491 1196 622 1247 aecensus
636 1193 704 1246 iram
719 1206 781 1244 uam
795 1192 869 1245 luror
882 1191 976 1244 incitat

494 1279 582 1332 Hostis
595 1278 699 1333 cruenti
714 1295 721 1330 :
736 1299 748 1324 «
759 1277 865 1342 Vincor,
879 1277 917 1330 ait
929 1292 1046 1346 gemens,

494 1387 506 1410 ι
526 1366 546 1428 l,
562 1363 663 1432 stringe
674 1363 783 1424 ferrum,
793 1362 880 1422 miles,
895 1367 922 1416 et
931 1377 1006 1416 exere

494 1474 505 1498 ιι
526 1453 658 1521 Praecepta
671 1449 770 1503 summi
782 1449 854 1518 regia
868 1449 1004 1518 principis.
1017 1471 1030 1495 ιι

492 1538 526 1590 Ut
538 1535 609 1590 videt
619 1537 706 1604 Agnes
716 1538 784 1587 stare
798 1537 900 1587 trucem
912 1533 1004 1587 virum

492 1625 618 1677 llluerone
634 1621 716 1685 nudo,
729 1620 816 1674 laetior
827 1621 883 1674 haee
897 1620 952 1675 ait:

497 1733 508 1758 ιι
528 1708 636 1773 Exulto,
653 1706 713 1761 talis
725 1706 797 1776 quod
812 1707 899 1777 potius
911 1709 995 1774 venit,

493 1819 504 1842 ιι
526 1797 655 1858 Vesanus,
667 1798 752 1858 atrox,
766 1792 900 1860 turbidus,
915 1795 1037 1864 armiger,

495 1905 506 1927 a
527 1881 615 1944 Quam
626 1879 648 1931 si
661 1880 764 1932 veniret
774 1877 919 1946 languidus
931 1894 962 1933 ae
974 1885 1057 1941 tener,

495 1988 507 2011 «
527 1964 667 2033 Molliaque
678 1961 805 2032 ephebus,
818 1962 917 2016 tinctus
928 1970 1045 2018 aromate

495 2073 508 2097 ιι
528 2048 581 2114 Qui
595 2063 638 2101 me
652 2046 763 2116 pudoris
776 2047 868 2100 iuuere
882 2048 1008 2116 perderet.

494 2158 505 2182 ιι
526 2135 582 2195 llic,
596 2133 641 2186 hie
652 2137 762 2198 amator,
772 2133 828 2201 jam
841 2133 932 2198 lateor,
947 2133 1040 2203 placet.

491 2243 503 2267 ιι
523 2219 568 2274 lbo
583 2218 711 2272 irruentis
723 2217 856 2288 gressibus
867 2217 984 2281 obviam,

492 2328 504 2352 ιι
524 2305 576 2358 Nee
588 2302 745 2357 demorabor
760 2307 822 2354 vota
832 2302 965 2356 calentia:

493 2413 504 2435 ι
523 2391 634 2442 Ferrum
645 2387 674 2440 in
688 2385 802 2456 papillas
814 2400 893 2439 omne
903 2402 1032 2456 recepero,

492 2497 502 2519 ιι
523 2475 670 2540 Pectusque
685 2471 717 2524 ad
732 2471 820 2524 imum
833 2471 890 2526 vim
901 2471 983 2542 gladii
999 2473 1112 2528 trabam.

497 2582 509 2605 ιι
529 2559 572 2612 Sic
590 2562 674 2627 nupta
686 2556 791 2610 Christo
805 2556 957 2610 transiliam
971 2558 1027 2626 poli

494 2667 506 2690 ιι
526 2645 623 2697 Omnes
635 2642 755 2696 tenebras
768 2643 864 2696 aetbere
881 2642 982 2696 celsior.

496 2750 508 2773 ιι
528 2729 633 2781 AEterne
646 2729 739 2792 rector,
750 2725 839 2778 divide
849 2727 945 2795 ianuas

496 2835 507 2858 ιι
527 2811 602 2874 Coeli,
617 2810 750 2865 obseratas
763 2809 902 2879 terrigenis
911 2811 995 2881 prius.

494 2921 505 2944 ,ι
527 2897 566 2950 Ad
579 2902 605 2949 te
615 2901 778 2966 sequentem,
789 2896 899 2961 Christe,
908 2897 1031 2952 animum
1040 2915 1114 2965 voca,

493 3005 506 3029 ιι
526 2984 617 3047 Quum
625 2981 795 3048 virginalem,
804 2986 863 3035 tum
873 2983 956 3052 patris
966 2982 1089 3037 hostiam.
1101 3007 1114 3032 a

497 3070 541 3122 Sic
553 3069 615 3132 lata,
627 3067 762 3122 Christum
773 3067 870 3122 vertice
883 3083 981 3122 cernuo

492 3154 609 3223 Supplex
621 3152 723 3222 adorat,
735 3153 827 3206 vultus
838 3159 870 3207 ut
883 3153 1029 3208 imminens

492 3239 586 3293 Cervix
600 3239 701 3293 subiret
712 3254 793 3307 prona
808 3240 936 3308 paratius.

492 3328 538 3378 Ast
549 3323 594 3376 ille
605 3328 708 3377 tantam
719 3314 793 3392 spem
805 3323 907 3393 peragit
920 3340 1013 3390 mauu,

493 3412 551 3464 Uuo
562 3408 612 3462 sub
625 3410 680 3462 ictu
695 3424 758 3462 nam
771 3414 851 3477 caput
866 3415 997 3479 amputet,

494 3497 608 3548 Sensum
619 3493 719 3547 doloris
730 3508 802 3548 mors
813 3494 866 3548 cita
878 3497 1014 3564 praevenit.

494 3581 596 3633 Exulus
609 3577 671 3632 inde
684 3579 795 3647 spiritus
807 3580 911 3644 emieat,
1000 3634 1001 3639 χ

498 3664 625 3733 Liberque
637 3664 666 3716 in
679 3676 757 3715 auras
766 3655 861 3717 exsilit.
874 3665 969 3732 Angeli

495 3752 602 3818 Sepsere
615 3751 723 3801 euntem
735 3748 840 3801 tramite
852 3749 973 3804 candido.

494 3835 605 3888 Miratur
616 3832 706 3887 orbem
717 3833 768 3886 sub
781 3832 894 3902 pedibus
905 3835 998 3900 situm,

495 3923 600 3991 Spectat
609 3919 730 3973 tenebras
742 3918 824 3972 ardua
837 3920 966 3985 subditas,

497 4005 628 4074 ltieletque
637 4004 701 4057 solis
711 4004 783 4073 quod
794 4009 850 4059 rota
860 4005 963 4070 circuit,

496 4089 569 4154 Quod
582 4088 701 4142 mundus
711 4089 799 4144 omnis
811 4090 896 4144 volvit
904 4097 930 4144 et
940 4091 1070 4160 implicat,

496 4173 667 4246 Rerumquod
693 4180 750 4229 atro
766 4175 874 4229 turbine
889 4177 999 4238 vivitur,

497 4261 573 4328 Quod
586 4275 654 4315 vena
665 4259 736 4314 saecli
750 4259 877 4314 nobilitas
890 4262 961 4332 rapit

496 4350 588 4415 Reges,
603 4350 741 4416 tyrannos,
754 4345 866 4415 imperia
877 4352 904 4399 et
917 4347 1022 4416 gradus,

498 4434 661 4500 Pompesque
671 4429 804 4483 bonorum
817 4429 899 4483 stulta
911 4433 1086 4494 tumentium,

497 4516 604 4585 Argenti
614 4520 640 4569 et
651 4515 710 4569 auri
723 4515 780 4569 vim
790 4514 883 4569 rabida
896 4516 940 4569 siti

498 4601 605 4657 Cunctis
619 4601 730 4672 petitam
742 4615 788 4670 per
801 4601 908 4656 varium
921 4601 992 4654 nelas
1005 4621 1011 4655 :

500 4686 644 4757 splendore
656 4685 744 4754 multo
758 4689 858 4740 structa
868 4687 1029 4749 habitacula,
