3592 5668
716 662 890 729 ..73-

225 801 372 890 hahuit,
397 802 463 875 sed
494 800 690 875 carnifices
714 800 828 901 ipsos
858 811 1072 903 martyrum
1094 804 1268 903 supplicii
1288 830 1378 878 con-

226 930 334 1019 scios,
345 936 382 1004 et
398 927 506 1027 quasi
523 953 655 1003 eorum
672 955 808 1004 cruore
822 932 1030 1022 madentes
1042 930 1134 1005 adiit
1148 929 1379 1030 singulaque

225 1057 272 1132 aa
288 1055 334 1129 us
357 1053 478 1128 auara
492 1054 521 1128 ¹.
541 1054 633 1128 inae
661 1054 896 1130 carminibus
917 1055 1068 1130 camasi
1097 1081 1244 1155 magna
1268 1039 1376 1147 uuas,

227 1182 314 1255 inde
341 1180 490 1279 pondus
507 1179 660 1278 ingens,
679 1187 715 1254 et
728 1207 814 1279 quae
828 1181 1026 1257 veritatem
1055 1181 1297 1281 prosequitur
1319 1207 1380 1257 re-

226 1305 410 1381 verentia.
431 1306 521 1379 lnde
542 1304 655 1380 etiam
672 1332 770 1407 saepe
789 1307 1052 1383 dissentientes
1067 1308 1166 1382 inter
1180 1333 1220 1383 se
1244 1309 1381 1384 Dama-

227 1457 313 1507 sum
325 1431 1383 1532 PrudentiumqueintelligimuS,et,alterumcumaltero'

226 1558 474 1649 conserentes
491 1583 552 1632 res
561 1559 713 1632 easdem
723 1565 759 1633 et
773 1558 986 1634 consimilia
1005 1560 1103 1635 sacta
1116 1560 1217 1659 apud
1232 1550 1380 1635 utrum·

227 1709 302 1784 que
318 1683 436 1781 longe
450 1681 559 1758 aliter
567 1683 685 1758 relata
704 1682 903 1758 miramur.
919 1685 1023 1759 Alter
1036 1684 1151 1775 enim,
1166 1667 1378 1760 delectandi

226 1808 571 1909 parumstudiosuS,
582 1833 714 1883 versus
729 1835 817 1884 suos
828 1809 1058 1909 eSeripturis
1069 1817 1105 1885 et
1115 1819 1216 1886 certo
1230 1813 1378 1886 adstan-

226 1935 322 2009 tium
342 1932 557 2009 testimonio
570 1933 722 2023 condit;
745 1936 1001 2034 alter,quum
1024 1934 1063 2008 in
1084 1961 1128 2009 ec
1144 1941 1244 2010 totus
1268 1935 1317 2010 sit
1340 1943 1382 2010 ut

227 2061 396 2149 delectet,
419 2059 628 2159 plurimum
646 2085 693 2134 ex
711 2060 868 2136 arbitrio
892 2085 961 2135 suo
976 2061 1035 2134 vel
1056 2061 1200 2136 incerta
1219 2062 1322 2136 sama
1346 2071 1382 2137 et

227 2186 336 2286 quasi
354 2211 422 2285 per
439 2184 637 2259 libidinem
656 2185 772 2284 fingit
783 2185 808 2260 ².

276 2313 378 2387 Num
408 2318 537 2386 tamen
557 2311 664 2386 nulla
693 2310 818 2386 inesse
831 2311 923 2386 vitia
953 2312 1113 2386 Damaso
1140 2299 1273 2411 putes?
1290 2313 1384 2388 Tota

227 2436 289 2513 via
315 2439 494 2512 aberres:
517 2437 647 2512 multis
675 2436 777 2511 vitiis
810 2438 968 2529 laborat,
1000 2462 1179 2536 eumque,
1207 2438 1387 2536 quamvis

229 2589 351 2663 nuper
388 2573 424 2638 et
463 2562 598 2638 merito
632 2563 842 2653 laudatum,
873 2562 976 2637 varie
1011 2569 1139 2637 tamen
1171 2563 1383 2662 etcopiose

228 2714 366 2764 vexare
383 2689 524 2764 liceret.
534 2686 651 2762 Exilis
666 2688 769 2763 enim
785 2694 822 2762 et
837 2713 1034 2778 exsuccuS,
1049 2714 1116 2787 pro
1132 2689 1384 2787 temperantia

224 2814 431 2914 jejunium,
448 2839 517 2912 pro
530 2812 709 2888 firmitate
722 2812 884 2887 maciem
894 2820 932 2887 et
945 2812 1113 2911 inopiam
1123 2814 1381 2913 consequitur.

229 2941 367 3014 Scahro
384 2938 498 3013 etiam
519 2947 555 3013 et
576 2938 718 3012 inculto
742 2963 1027 3037 nonnunquam¹
1049 2938 1169 3013 utitur
1193 2962 1380 3030 sermone,

230 3065 445 3163 multosque
472 3088 606 3138 versus
630 3087 735 3162 aegre
771 3070 808 3136 et
841 3087 987 3161 magno
1009 3063 1219 3156 molimine,
1245 3089 1385 3163 quam-

231 3190 287 3264 vis
325 3188 535 3288 impolitoS,
578 3188 699 3264 struit.
735 3189 840 3287 Saepe
872 3214 993 3288 quum
1033 3190 1160 3264 locum
1197 3189 1383 3265 laetiorem

231 3321 390 3390 attentat
416 3338 648 3412 carmenque
683 3313 876 3404 idoneum,
914 3315 985 3388 hoc
1023 3313 1174 3389 assidue
1204 3315 1324 3390 utitur
1349 3323 1384 3389 et

233 3467 381 3541 semper
398 3439 624 3539 ingeminat,
643 3439 695 3514 ita
711 3447 766 3531 ut,
788 3439 952 3515 fractum
965 3441 1174 3538 quemdam
1193 3448 1229 3515 et
1247 3441 1391 3515 elisum·

233 3592 353 3668 quum
385 3564 602 3641 invenimus
630 3564 795 3663 lapidem
829 3571 1050 3664 cryptarum
1083 3566 1153 3639 suh
1175 3565 1385 3646 ‚ruderibus

233 3694 412 3767 obrutum
431 3698 468 3765 et
481 3697 617 3765 trunca
630 3690 806 3789 quadam
821 3713 842 3763 e
857 3690 1017 3764 Damaso
1031 3715 1109 3789 prae
1126 3715 1166 3764 se
1185 3690 1382 3781 serentem,

233 3822 429 3915 amputata
445 3815 617 3898 carmina
629 3814 668 3888 in
684 3814 881 3912 integrum
900 3813 1098 3890 restituere
1116 3814 1295 3913 perfacile
1319 3817 1386 3890 de-

234 3951 307 4032 tur,
327 3948 364 4016 et
381 3939 490 4039 quasi
508 3939 665 4038 disjecta
683 3937 866 4036 colligere
883 3939 1056 4012 membra
1081 3946 1212 4037 poetae.

283 4069 441 4141 Pressus
454 4089 607 4164 quoque
624 4063 739 4137 nimis
750 4071 785 4139 et
792 4061 1007 4138 adstrictior
1023 4089 1123 4162 saepe
1134 4065 1384 4157 litobscuruS,

235 4200 283 4282 et,
311 4216 432 4290 quum
454 4191 577 4265 multo
596 4187 729 4288 paucis
757 4189 900 4263 reserrc
918 4188 1154 4265 carminibus
1175 4197 1306 4278 tentet,
1327 4216 1387 4265 res

273 4495 294 4538 t.
307 4483 397 4538 Sancti
409 4483 516 4537 Damasi
528 4484 677 4536 desanaus
691 4482 849 4535 Marcellino
860 4487 887 4536 et
900 4487 982 4537 Petro
993 4496 1098 4535 carmen
1113 4497 1193 4534 xxur.

270 4581 295 4624 2.
310 4567 430 4637 Exempli
446 4568 531 4636 gratia
543 4567 604 4622 vide
619 4583 679 4638 qua
694 4566 727 4620 da
738 4566 882 4620 Laurentio
898 4570 924 4620 ct
939 4568 1040 4636 agnete
1050 4565 1206 4636 conscripsit
1215 4566 1392 4633 Prudentius,

236 4669 319 4725 eaque
327 4668 390 4708 cum
400 4653 485 4707 sancti
500 4652 606 4707 Damasi
615 4651 736 4720 versibus
748 4650 780 4706 de
789 4651 864 4706 Sixto
873 4653 1006 4721 etignctc
1014 4652 1111 4706 confer.
1122 4682 1153 4690 —
1162 4653 1198 4705 De
1207 4652 1291 4713 aussi,
1307 4657 1389 4705 Rom

237 4744 412 4800 sotterrcnea,
424 4752 451 4805 p.
471 4743 512 4797 et,
525 4743 567 4788 92.
