3592 5668
729 651 907 717 ..25-

241 795 408 886 Tartara,
428 793 538 892 eique
557 793 807 892 pristinorum
821 792 1024 869 hominum
1041 785 1282 868 occurrentes
1307 783 1394 894 um·

242 919 342 992 bras.
362 919 484 1006 Quam
499 925 606 994 tener
619 927 656 996 ct
668 919 793 995 mollis
811 927 978 996 veterem
996 920 1198 1009 adamum,
1214 917 1331 994 cladis
1344 919 1394 993 si·

243 1047 323 1120 mul
351 1051 388 1119 et
416 1045 547 1121 salutis
574 1052 781 1138 auctorem,
812 1054 899 1123 ante
936 1047 1049 1145 pedes
1078 1043 1215 1121 Christi
1241 1043 1395 1124 adducit

241 1171 409 1262 flentem,
431 1177 467 1244 et
476 1169 588 1269 juxta
610 1195 699 1245 eum
715 1172 883 1248 Judatcoe
907 1171 1034 1270 stirpis
1053 1178 1178 1271 patres
1201 1170 1393 1244 Abraham

242 1303 279 1371 et
291 1296 406 1371 Jacob
422 1300 430 1369 t
448 1296 571 1383 Quam
591 1297 751 1396 grandis
767 1298 971 1374 Hebraicos
992 1305 1110 1390 vatos,
1135 1304 1171 1371 et
1198 1302 1286 1369 ante
1308 1319 1393 1369 om-

244 1446 312 1496 nes
326 1422 470 1496 Mosam
488 1430 523 1497 et
537 1421 732 1514 Davidem,
759 1424 805 1498 de
827 1423 979 1514 Christi,
1004 1449 1024 1497 e
1045 1421 1258 1521 longinquo
1283 1422 1332 1495 ab
1347 1420 1394 1495 iis

241 1546 349 1646 quasi
386 1548 584 1647 prospecti,
625 1550 825 1648 praeseutia
862 1557 991 1625 monet
1020 1553 1027 1623 !
1059 1549 1182 1636 Quam
1221 1545 1394 1620 sublimis

241 1673 356 1748 etiam
374 1674 502 1766 sortes,
524 1675 664 1773 quibus
689 1675 757 1750 diu
785 1675 946 1750 eminuit
972 1675 1130 1750 ludaica
1150 1698 1261 1773 gens,
1279 1673 1395 1748 duces

249 1805 391 1890 evocat,
431 1799 545 1874 losue
582 1800 768 1899 primum,
800 1810 836 1876 at
866 1805 985 1901 longo
1018 1800 1197 1877 ultimum
1238 1798 1391 1890 ordine,

243 1949 319 1996 non
334 1923 486 2015 virtute,
501 1925 764 2002 Machabaeum
780 1928 936 2003 ludam!
960 1928 1007 2002 At
1024 1925 1176 2001 brevior
1189 1923 1344 2024 quidem
1359 1932 1395 1999 et

241 2048 425 2124 festinans
449 2049 564 2126 nimis
592 2053 674 2128 haec
704 2059 826 2144 tanta,
854 2079 940 2153 quae
967 2051 1138 2152 pulchris
1166 2049 1396 2150 aggreditur

241 2173 488 2266 carminibus,
527 2177 715 2252 maturius
748 2179 921 2270 absolvit,
964 2201 1195 2276 carmenque
1230 2177 1393 2275 longum

242 2299 482 2398 sperantibus
502 2300 567 2375 vix
584 2302 751 2377 modicos
764 2329 897 2379 versus
917 2303 1095 2402 indulget
1107 2310 1129 2377 ¹.

292 2426 368 2500 Nec
391 2427 461 2516 tui,
489 2452 676 2525 generosa
702 2430 853 2521 mulier,
884 2431 1088 2505 immemor
1114 2430 1286 2520 evadam,
1310 2453 1396 2528 qum

241 2551 437 2626 Maronem
453 2578 528 2627 non
544 2555 668 2628 solum
683 2555 830 2631 imitata
842 2557 908 2631 scd
921 2555 1030 2655 quasi
1047 2555 1183 2644 iurata,
1201 2578 1393 2653 paganam
1435 2607 1437 2611 -
1469 2589 1471 2596 v

241 2678 389 2752 Musam
402 2678 728 2778 christianeloqui
742 2680 928 2778 coegeris,
947 2679 1115 2778 Propriis
1135 2679 1395 2779 namqueVir-

240 2801 324 2899 gilii
351 2802 586 2878 carminibus
615 2804 776 2880 recentis
798 2806 900 2881 orbis
922 2804 1261 2904 pulchritudinem,
1279 2812 1316 2880 et
1334 2805 1389 2879 in-

240 2935 396 3025 gentem
424 2927 639 3003 communis
659 2929 828 3028 parentis
853 2931 999 3006 cladem
1023 2929 1206 3022 cecinisti,
1227 2936 1265 3004 et
1287 2930 1388 3020 inde,

237 3052 335 3127 mira
352 3052 446 3128 tanti
461 3055 588 3129 luctus
603 3055 749 3146 solatia,
767 3055 961 3131 Christum
971 3058 1142 3131 hnmano
1157 3080 1226 3153 pro
1247 3079 1390 3155 genere

238 3177 463 3253 morientem
482 3179 679 3255 ostendisti
689 3179 712 3252 ².

284 3302 382 3390 Quid
405 3310 537 3379 contra
551 3304 598 3379 de
613 3305 813 3403 Optatiana
830 3305 1036 3404 Porphyrio
1048 3305 1083 3379 ³?
1104 3305 1165 3379 Nil
1184 3303 1361 3402 equidem
1377 3331 1386 3390 ;

235 3429 299 3502 vix
311 3429 414 3503 enim
422 3439 571 3529 poetam
586 3455 675 3505 eum
685 3431 935 3531 dicimus,qui
948 3431 1191 3530 diligentiam
1203 3452 1391 3528 magnam

236 3577 339 3645 sane,
361 3579 437 3630 non
464 3555 512 3630 ad
541 3557 738 3654 proprium
754 3580 938 3631 versuum
958 3558 1138 3654 leporem,
1160 3579 1237 3629 non
1259 3554 1307 3629 ad
1321 3578 1391 3651 ap-

273 3948 294 3996 t.
312 3941 450 4010 Anonymi
465 3945 627 4010 Triumphus
640 3945 739 3997 aaran
751 3945 871 3997 teuteus
884 3945 1001 4008 (Patrai.
1015 3945 1076 4004 lot„
1091 3948 1111 3996 t.
1129 3943 1198 4007 XIX,
1212 3939 1262 3996 col.
1279 3942 1346 4008 388).
1356 3971 1388 3982 -

236 4029 295 4080 Hac
311 4027 428 4080 iuvenco
452 4025 563 4096 quidem
582 4027 647 4082 olim
662 4028 794 4098 assignata
812 4027 845 4082 ab
863 4044 998 4100 anonymo
1013 4034 1103 4083 umen
1122 4033 1148 4082 ct
1166 4029 1255 4098 ignoto
1273 4026 1389 4096 quodam

234 4115 339 4164 auctore
355 4112 505 4181 conscripta
523 4112 598 4167 lateri
618 4117 735 4182 oportet3
762 4113 875 4170 iuvenci
891 4114 966 4169 enim
986 4113 1115 4170 orationis
1134 4127 1217 4184 genus
1235 4112 1391 4182 lentumque

233 4197 261 4250 in
276 4195 393 4250 carmine
402 4197 649 4264 gremumtminime
659 4197 785 4268 probent

266 4293 290 4334 2.
310 4280 367 4336 Val.
384 4280 514 4336 Falconin
527 4281 618 4337 Proba
629 4287 756 4338 Ocntoncs
772 4286 959 4352 Vtrqtltontod
973 4289 1154 4339 testimonium
1169 4286 1269 4337 Veteris
1282 4289 1308 4338 et
1322 4288 1388 4338 Novi

234 4371 395 4422 Testamenti
410 4369 523 4432 (Patrai.
539 4370 599 4432 lot,
615 4373 634 4422 t.
648 4369 718 4437 xix,
729 4367 780 4422 col.
794 4376 853 4433 toa,
866 4370 938 4435 ata).
951 4366 1085 4424 -lsidori
1096 4368 1254 4438 Hispanam.
1274 4373 1386 4436 ortatu,

232 4449 277 4504 lib.
291 4453 312 4513 1,
322 4466 380 4519 cap.
391 4454 529 4520 nm11‚§5.
1212 4497 1215 4504 .

265 4541 290 4588 a.
310 4533 398 4588 Publii
409 4535 544 4605 optatiani
555 4537 698 4608 Porphyrii
711 4543 888 4606 nauantem
901 4541 1204 4603 constantinianum
1220 4538 1308 4592 ateius
1321 4538 1384 4604 (Po-

232 4621 292 4672 trol.
306 4622 367 4687 lot,
380 4624 408 4678 t„
418 4622 488 4684 XIX,
501 4620 551 4675 col.
565 4629 626 4688 ³95,
640 4625 714 4690 ⁴32).
733 4651 765 4664 -
774 4622 865 4678 Sancti
875 4622 1030 4692 Hieronymi
1042 4625 1181 4685 circum,
1192 4636 1256 4676 ann.
1270 4631 1301 4675 2³
1315 4624 1382 4678 Con·

229 4704 340 4757 stantini
351 4705 451 4772 Magni.
461 4735 496 4746 -
510 4705 586 4760 Beda
596 4706 761 4762 Venerabilis
772 4709 805 4762 de
818 4713 882 4761 Arte
898 4712 1011 4761 matrico
1030 4709 1144 4773 (Petrol-
1156 4703 1218 4766 tot,
1234 4710 1253 4760 t.
1265 4707 1332 4770 XC).
