3592 5668
892 649 1070 715 ...10-

400 791 503 889 apud
527 789 716 888 Hispanos
748 811 906 863 concors
933 787 1058 888 vulgi¹
1083 789 1357 892 doctorumque
1385 794 1559 869 testimo-

402 915 524 1009 nium,
536 917 743 990 Damasum
758 921 844 988 ortu
860 912 1075 1013 Hispanum
1090 917 1236 1015 probat.

450 1042 562 1117 Pater
580 1041 664 1141 ejus
682 1038 882 1131 Antonius
901 1038 1025 1138 patria
1039 1040 1191 1131 relicta,
1223 1067 1312 1118 cum
1331 1070 1450 1120 uxore
1469 1048 1560 1121 duo·

399 1167 548 1265 busque
576 1165 675 1240 natis
699 1165 908 1240 admodum
941 1164 1122 1264 parvulis,
1160 1167 1321 1242 Damaso
1351 1170 1493 1246 seilicet
1523 1181 1560 1248 et

401 1292 522 1383 Irene,
546 1291 688 1366 Urbem
699 1290 806 1388 petiit
821 1290 949 1389 ibique
964 1293 1093 1367 sedem
1107 1317 1217 1368 suam
1234 1295 1442 1371 collocavit.
1460 1297 1559 1371 Diris

355 1433 356 1438 ’
400 1415 578 1516 equidem
611 1414 817 1506 ominibus,
850 1439 941 1490 nam
971 1414 1225 1492 Diocletianus
1251 1417 1469 1495 christianis
1498 1420 1556 1495 in-

400 1543 531 1618 fensus
544 1567 634 1616 mox
648 1541 766 1617 edixit
778 1547 822 1615 ut
834 1540 977 1641 ubique
991 1548 1181 1618 terrarum
1195 1544 1492 1621 deturbarentur
1502 1572 1560 1622 ee-

400 1669 536 1754 clesiae,
551 1676 588 1744 et
615 1668 653 1743 vi
678 1674 959 1742 tormentorum
985 1669 1184 1746 christiani
1204 1673 1254 1745 ad
1281 1670 1559 1748 immolandum

400 1795 511 1870 idolis
529 1793 794 1893 cogerentur¹.
814 1793 932 1892 Cujus
946 1799 989 1868 ut
999 1793 1184 1868 saevitiam
1202 1796 1421 1895 effugerent
1434 1798 1559 1873 chris-

400 1921 507 2012 tiani,
529 1922 738 1996 latebrosas
761 1918 1067 1995 coemeteriorum
1094 1920 1135 1995 in
1165 1921 1291 1998 foveas
1320 1925 1557 2015 secedebant,

400 2047 628 2146 viarumque
646 2047 731 2121 dolo
758 2053 795 2120 et
815 2045 1009 2120 variarum
1032 2048 1199 2146 ambage
1221 2048 1445 2123 semitarum
1474 2073 1560 2124 mu-

402 2172 484 2264 niti,
506 2172 559 2246 ibi
574 2171 671 2246 ritus
691 2197 780 2246 suos
793 2172 1049 2247 celebrabant.
1063 2172 1163 2259 Quin
1182 2173 1296 2248 etiam
1311 2173 1435 2267 multi,
1457 2175 1559 2249 Urbe

400 2300 592 2392 derelicta,
625 2298 756 2373 omnia
770 2322 901 2372 secum
924 2305 1084 2398 agentes
1098 2301 1153 2374 ad
1173 2308 1324 2400 cryptas
1338 2326 1427 2376 cum
1446 2302 1559 2376 fami-

401 2427 454 2501 lia
481 2432 559 2500 tota
584 2425 821 2524 migrabant,
849 2423 1117 2523 domicilioque
1144 2426 1216 2499 sibi
1246 2435 1477 2525 comparate,
1499 2427 1561 2501 vi-

402 2560 483 2629 tam
501 2551 639 2652 sepulti
663 2551 820 2652 quidem
851 2558 890 2626 at
915 2551 1050 2626 saltem
1075 2551 1193 2651 quieti
1213 2553 1417 2651 degebant,
1440 2555 1560 2628 donee

401 2680 587 2781 periculis
611 2681 711 2753 Deus
735 2679 854 2754 finem
884 2679 1035 2753 faceret.
1054 2678 1157 2754 lnter
1172 2705 1267 2777 quos
1289 2704 1379 2753 sane
1394 2679 1465 2756 luit
1485 2680 1559 2754 Da-

401 2833 531 2884 masus
569 2813 698 2882 noster
730 2830 753 2880 a
786 2812 893 2904 patre
921 2829 1029 2902 poene
1060 2804 1188 2879 infans
1217 2806 1426 2898 adductuS,
1468 2806 1556 2905 qui,

401 2933 633 3009 Maximiano
646 2957 742 3031 erga
757 2931 985 3006 christianos
1007 2929 1047 3003 in
1070 2930 1172 3005 Urbe
1184 2938 1268 3030 post
1288 2931 1560 3006 Diocletianum

402 3059 581 3136 saeviente
589 3058 614 3150 ²,
631 3083 753 3157 usque
771 3057 821 3132 ad
830 3063 1013 3157 quartum
1026 3055 1176 3131 circiter
1190 3056 1311 3132 oetatis
1326 3083 1404 3133 suoe
1413 3083 1561 3133 annum

401 3185 544 3260 ibidem
551 3182 682 3259 crevit.
696 3184 773 3257 Nec
786 3190 950 3282 cryptas,
962 3182 1208 3257 carnificibus
1217 3182 1256 3255 in
1265 3183 1366 3257 Urbe
1375 3208 1398 3257 a
1407 3184 1561 3258 Maxen-

401 3311 453 3387 tio
472 3312 646 3411 Augusto
661 3309 862 3409 paululum
879 3307 1090 3401 cohibitis³,
1112 3309 1280 3385 deseruit
1299 3312 1497 3404 Damasus,
1523 3320 1562 3387 at

402 3445 535 3512 contra
561 3437 743 3536 frequens
757 3459 933 3510 reversus
960 3459 1094 3510 earum
1114 3435 1223 3533 quasi
1251 3435 1374 3511 incola
1404 3437 1557 3512 exstitit.

402 3563 498 3664 Ejus
517 3563 622 3640 enim
637 3549 767 3662 pater,
783 3561 850 3662 qui
869 3561 1212 3637 ecclesiasticorum
1233 3586 1439 3638 munerum
1463 3563 1560 3663 peti-

402 3689 505 3765 tione
518 3714 596 3765 non
615 3688 861 3780 abstinuerat,
885 3687 1120 3788 exceptoris⁴
1138 3689 1320 3788 primum,
1337 3688 1403 3789 qui
1420 3689 1562 3766 scilicet

437 4036 461 4084 1.
479 4028 585 4084 Eusebii
599 4036 639 4085 De
650 4033 710 4083 Vlla
723 4031 902 4083 commonui.
915 4028 935 4087 1,
946 4039 1006 4092 xm,
1014 4041 1069 4095 ιι,
1084 4029 1186 4079 Htstor.
1197 4027 1382 4090 Ecrlas.,vlll‚
1398 4042 1430 4093 ιι,
1445 4043 1486 4092 ιιι,
1497 4042 1560 4081 ιιιι.

401 4145 435 4157 -
452 4112 620 4170 Constantini
635 4117 728 4167 oratio
739 4114 776 4167 ad
789 4117 881 4167 sanct.
903 4115 1014 4177 Ooetum,
1034 4125 1089 4180 cap.
1103 4126 1159 4163 xxv
1174 4110 1293 4176 (Patrol.
1309 4127 1358 4177 pr,
1373 4116 1394 4164 t.
1408 4113 1513 4179 XXVI).
1529 4141 1560 4151 -

402 4199 521 4255 bolland.
532 4197 661 4269 januarii,
678 4199 731 4261 tl,
747 4197 805 4252 dies
819 4204 860 4252 ιι.
874 4225 905 4236 -
919 4195 1051 4251 Luctantii
1064 4201 1101 4250 De
1114 4197 1224 4250 nurtllr.
1238 4202 1383 4264 persecut..
1397 4213 1454 4268 cap.
1468 4214 1515 4251 xv.
1527 4229 1561 4239 -

403 4291 501 4343 coron.
512 4289 695 4353 Alexandrtae,
710 4288 740 4340 Α.
752 4287 780 4340 C.
794 4291 843 4339 303
856 4287 974 4352 (Patrol.
986 4301 1040 4351 or„
1054 4289 1073 4338 t.
1087 4286 1154 4339 XClI
1163 4287 1182 4348 ).

435 4384 460 4429 ι.
477 4373 585 4428 baronii
598 4373 722 4436 Annales,
735 4374 765 4425 A.
780 4371 808 4425 C.
822 4378 879 4432 ³01,
889 4371 922 4437 §S
934 4377 973 4435 18,
989 4378 1027 4424 19.
1042 4399 1073 4409 -
1088 4368 1192 4422 Baluzii
1204 4372 1385 4438 Miscellanea,
1398 4376 1418 4424 t.
1430 4373 1463 4437 ll,
1474 4387 1500 4441 p.
1512 4379 1555 4434 47,

389 4467 433 4515 ,43
447 4457 578 4526 (Parisiis,
593 4457 682 4523 1677).
696 4483 728 4494 -
742 4455 883 4523 Batonius,
898 4459 927 4508 tn
941 4455 1176 4522 Martyroloplum,
1192 4453 1227 4508 ad
1246 4462 1275 4508 16
1287 4518 1288 4521 Ἴ
1299 4453 1439 4524 septemb,
1461 4460 1522 4510 note
1538 4458 1560 4509 D

401 4542 572 4614 (Antuerpira
591 4545 679 4610 1313).

437 4637 461 4684 3.
480 4627 587 4683 Eusebii
597 4629 701 4681 nator.
712 4628 821 4688 Euclea,
834 4626 901 4692 Vlll,
914 4641 972 4679 ιιι.

436 4722 461 4769 l.
480 4713 683 4770 Sanctibamasi
698 4726 806 4766 carmen
820 4715 873 4765 XX
878 4717 898 4765 V
909 4713 1023 4778 (Polrcl.
1037 4714 1100 4777 lat,
1114 4714 1132 4764 t.
1146 4712 1214 4775 xm,
1230 4711 1281 4765 col.
1297 4718 1355 4771 409,
1370 4715 1442 4774 410).
