3592 5668
701 620 878 686 ..55-

216 761 375 860 grandis
407 769 444 835 et
484 759 672 853 sublimis,
702 785 779 859 qua
818 786 886 860 per
923 761 1043 836 ardua
1071 762 1367 840 christianorum

214 885 443 984 dogmatum
487 885 628 977 fertur,
668 891 704 959 et
744 886 791 960 de
834 885 1036 980 maximia,
1073 887 1213 987 quibus
1245 891 1368 966 chris-

219 1009 412 1086 tianorum
449 1035 558 1085 mens
587 1009 770 1109 agitatur,
802 1011 952 1087 areanis
992 1010 1171 1112 disputat.
1205 1014 1368 1092 Praeola-

213 1136 266 1211 ris
294 1136 396 1211 enim
426 1135 676 1221 carminibus,
702 1143 768 1211 aut
796 1137 990 1213 Christum
1016 1164 1105 1215 vere
1137 1141 1257 1215 Deum
1287 1168 1369 1219 esse

213 1261 433 1336 confirmat¹
445 1289 454 1350 ;
496 1269 563 1337 aut
596 1286 654 1352 ea,
690 1287 776 1361 quae
816 1263 988 1338 humano
1031 1264 1165 1364 generi
1204 1265 1371 1342 insident

213 1388 326 1478 mala,
349 1387 452 1462 unde
473 1394 689 1485 erumpant,
715 1387 921 1487 exquirit²;
944 1397 1011 1463 aut
1029 1389 1155 1482 etiam,
1166 1361 1368 1489 postquam

212 1511 259 1586 iis
287 1511 428 1587 illusit³
454 1511 520 1612 qui
546 1538 762 1588 marmorea
790 1513 952 1590 numina
977 1513 1163 1605 colebant,
1192 1516 1302 1615 quasi
1328 1517 1367 1591 in

213 1637 375 1715 sublime
394 1645 536 1737 raptus
555 1646 598 1713 ut
612 1664 736 1737 nuper
756 1639 859 1737 apud
878 1664 947 1714 nos
975 1637 1207 1730 Bossuetius,
1229 1641 1368 1717 Roma·

213 1786 303 1838 nam
329 1763 480 1853 molem,
502 1762 658 1838 urbium
684 1772 721 1839 et
745 1762 923 1863 gentium
947 1762 1070 1839 ruinis
1104 1765 1310 1841 conflatam
1331 1774 1368 1841 et

212 1895 377 1981 suetam,
409 1915 498 1989 quo,
523 1898 655 1989 paoato
688 1892 779 1965 orbe
804 1898 843 1966 et
864 1891 1021 1982 domito,
1050 1891 1199 1968 facilius
1233 1901 1368 1993 gentes

212 2012 460 2120 christianam
475 2013 590 2087 fidem
609 2015 775 2112 Apostoli
794 2015 954 2090 doceant
965 2015 989 2102 ⁴,
1010 2038 1057 2088 ex
1076 2014 1153 2090 alto
1173 2015 1365 2114 prospicit.

260 2139 328 2214 uui
357 2145 499 2231 tamen,
525 2165 646 2240 quum
669 2165 692 2215 a
720 2141 835 2216 tantis
858 2140 1069 2233 diseedenS,
1100 2164 1186 2238 quae
1211 2141 1367 2240 quidem

211 2265 411 2366 ingentem
433 2266 622 2342 facundia
638 2266 838 2342 materiam
854 2264 1160 2360 subministrant,
1180 2275 1368 2368 martyres

211 2391 454 2492 aggreditur,
495 2417 632 2492 resque
674 2393 723 2467 ab
759 2391 805 2466 iis
842 2393 1023 2490 praeelare
1064 2399 1192 2491 gestas
1228 2391 1331 2468 canit
1341 2392 1366 2482 ⁵,

211 2519 372 2595 remulus
410 2520 574 2594 occurrit
608 2519 793 2593 Damasus
822 2525 964 2608 noster,
996 2525 1033 2592 et
1064 2517 1129 2591 vix
1159 2516 1284 2617 impar
1320 2519 1367 2592 de

210 2643 366 2742 praemio
385 2651 517 2720 oertat.
537 2643 695 2718 Minime
716 2643 832 2732 enirn,
850 2641 1026 2743 quamvis
1047 2642 1244 2742 insignem
1267 2643 1367 2718 inter

210 2778 314 2845 vates
351 2776 477 2845 teneat
511 2770 650 2865 looum,
690 2769 792 2843 vitiis
823 2768 1051 2845 Prudentius
1080 2777 1195 2861 earet,
1230 2794 1300 2845 nee
1331 2768 1366 2844 ei

211 2899 414 2974 defuerunt
455 2899 723 2974 obtrectatores
740 2895 893 2997 quibus
927 2897 966 2971 in
1005 2896 1114 2972 solita
1149 2898 1365 2974 rhetoribus

208 3024 300 3101 vitia
346 3024 484 3124 saepius
524 3023 701 3098 inuidisse
734 3022 840 3098 visus
882 3029 950 3097 est.
993 3022 1170 3112 Inflatus
1213 3029 1365 3098 tumens

209 3175 400 3250 supraque
420 3150 578 3224 modum
599 3149 793 3224 exsultans
816 3148 941 3223 studia
962 3155 1091 3222 nostra
1111 3149 1200 3222 fietu
1220 3147 1364 3246 impetu

210 3282 247 3351 et
273 3275 408 3351 ardore
433 3275 593 3375 quaesito
611 3300 711 3376 saepe
724 3273 954 3374 restinguit;
978 3281 1044 3348 aut
1059 3273 1201 3350 otiosus
1232 3281 1270 3350 et
1300 3299 1364 3348 su-

209 3400 413 3499 perfluens,
441 3423 511 3474 neo
546 3398 638 3474 satis
670 3423 838 3498 pressus
870 3396 993 3471 hianti
1025 3395 1295 3493 compositione
1329 3404 1366 3471 et

210 3526 428 3603 narratione
463 3525 565 3601 lenta
589 3530 626 3598 et
653 3522 780 3620 tepida
809 3545 879 3594 nos
908 3519 948 3591 in
980 3519 1211 3617 languorem
1236 3517 1360 3594 vertit.
1413 3557 1415 3560 ·

208 3656 255 3728 At
274 3651 462 3752 imprimis
493 3649 641 3750 ingenii
670 3648 730 3723 sui
752 3645 895 3721 nimius
917 3651 1076 3735 amator,
1095 3644 1243 3718 utinam
1270 3645 1364 3720 illud

208 3785 421 3878 temperare
451 3801 569 3878 quam
602 3775 656 3850 illi
687 3775 891 3873 indulgere
925 3770 1146 3848 maluisset!
1184 3770 1364 3847 Assiduus

209 3903 404 3979 exorditur
436 3902 626 3979 orationes
654 3899 795 4001 quibus
822 3922 953 3973 rerum
980 3895 1096 3972 series
1126 3904 1164 3970 et
1195 3897 1364 3973 narratio

244 4272 267 4316 1.
286 4261 425 4324 prudent,
436 4263 639 4328 Hamurttpentu
651 4259 765 4328 (Patrol.
780 4262 839 4316 lat,
854 4260 874 4310 t.
888 4256 952 4318 llll,
964 4252 1016 4308 ool.
1030 4254 1117 4318 1011).

242 4361 266 4404 2.
286 4350 337 4413 ld.,
351 4349 559 4417 Psychomuclrta
572 4347 695 4414 (Potrol.
707 4347 767 4408 lat,
783 4347 804 4397 t.
819 4342 873 4407 LX,
884 4340 935 4396 ool.
954 4343 1007 4406 19).

242 4441 267 4488 3.
286 4431 423 4498 Prudent,
437 4429 485 4484 lib.
499 4433 519 4494 l,
532 4435 626 4483 contra
638 4426 835 4497 symmachum,
850 4439 918 4480 vers.
935 4431 976 4484 59,
991 4425 1041 4476 ete.
1058 4422 1178 4489 (Patrol.
1195 4420 1254 4484 tal..
1275 4426 1295 4474 t.
1314 4423 1367 4490 tx,

208 4518 267 4658 ml.
276 4520 423 4668 1illudent,
435 4601 482 4656 lib.
495 4603 530 4668 ll,
542 4606 637 4656 contra
650 4598 798 4668 symmach.
811 4592 882 4664 (ool.'
894 4597 972 4662 173).

243 4700 267 4744 5.
287 4687 410 4744 prudent.
422 4687 522 4752 aurel,
534 4687 741 4756 peristephanon
749 4683 854 4753 (oligua,
869 4683 973 4736 Patrol.
986 4682 1048 4746 lat,
1063 4683 1083 4731 t.
1096 4677 1150 4744 tx,
1162 4676 1213 4732 ool.
1226 4681 1365 4742 traete).

1206 4805 1221 4835 O
