3592 5668
888 646 933 662 -.
955 602 1006 678 3θ”
1020 644 1065 660 .-

404 774 533 852 quam,
552 750 727 824 cohibitis
744 757 914 832 laniena
944 751 1190 825 Constantino
1212 751 1470 839 carnificibua
1492 751 1558 824 diu

405 878 681 952 exhorruerant
696 873 906 964 christiani,
924 882 961 948 et
975 875 1085 974 cujus
1098 899 1223 965 causa,
1243 900 1290 948 ne
1313 875 1477 949 nimium
1498 883 1559 949 re-'

403 1007 589 1080 novarent
610 1001 796 1090 dolorem,
817 1025 840 1074 a
866 1000 1066 1074 laudandis
1085 999 1318 1098 martyribus
1347 987 1413 1074 diu
1447 1001 1561 1075 absti-

403 1133 566 1205 nuerant
596 1133 727 1224 poetae.
758 1126 885 1211 Quum
919 1133 1047 1202 autem
1077 1127 1229 1200 floreret
1258 1127 1455 1217 DamasuS,
1480 1129 1561 1199 haec

403 1253 559 1353 quidem
578 1250 760 1327 'nonnihil
789 1253 1052 1341 exoleverant3
1074 1251 1285 1326 immensus
1314 1258 1464 1326 tantum
1501 1277 1562 1324 ax-

401 1378 523 1452 stabat
548 1385 763 1476 martyrum
785 1401 906 1469 amor,
938 1386 974 1452 et
992 1377 1172 1469 victorie,
1203 1403 1320 1477 quam
1352 1376 1561 1451 constantia

404 1531 474 1582 sua
489 1502 706 1578 christianis
729 1511 973 1600 pepererant,
996 1503 1125 1580 laetitia
1151 1503 1306 1601 ingens,
1326 1527 1450 1600 nuper
1464 1502 1560 1576 bello

404 1655 429 1704 a
447 1628 601 1703 Juliano
626 1627 845 1718 christianis
864 1629 1093 1706 denunciato
1116 1628 1226 1728 quasi
1256 1634 1450 1704 renovata.
1492 1627 1587 1700 Pa·-

405 1754 509 1830 tebat
524 1777 620 1850 ergo
640 1753 801 1832 Damaso
820 1752 894 1842 via,
913 1753 1022 1853 eique
1042 1775 1193 1851 semper
1215 1751 1352 1827 honori
1365 1751 1437 1826 erit
1450 1749 1561 1822 intel·

407 1877 742 1977 laxissaquantam
759 1885 926 1978 atquem
941 1881 1098 1954 uberem
1111 1879 1311 1954 materiam
1324 1876 1445 1952 lldusis
1464 1902 1562 1974 prra-

407 2004 543 2081 berent
562 2011 778 2102 martyrum
798 2005 1021 2095 certamina,
1041 2014 1078 2080 et
1097 2030 1214 2104 quam
1227 2028 1448 2103 congruum
1468 2007 1563 2076 esset

406 2154 469 2206 eos
491 2153 628 2204 canere
651 2129 727 2228 qui¹
741 2129 958 2206 ceciderant
985 2155 1105 2229 quum
1130 2106 1328 2206 christiani
1352 2130 1563 2202 Romanam

407 2256 547 2330 molem
576 2263 858 2353 expugnarent.
901 2255 1005 2328 Felix
1033 2255 1187 2354 quidem
1221 2257 1405 2328 Damasus
1437 2260 1564 2328 noster

408 2378 439 2456 si
455 2386 602 2456 tantam
614 2381 663 2462 ab
678 2379 784 2454 initio
804 2406 961 2454 exorsus
971 2388 1067 2454 esset
1081 2379 1294 2469 materiam,
1307 2379 1338 2454 si
1353 2403 1488 2453 ornnes
1499 2402 1565 2475 per

408 2503 582 2578 ordinem
602 2504 791 2578 laudasset
811 2505 878 2603 qui
898 2505 1103 2579 a‘Neronis
1119 2506 1353 2604 temporibus
1374 2503 1565 2578 Diocletia-

410 2653 504 2706 num
514 2653 635 2728 usquc
645 2654 713 2726 pro
725 2630 874 2706 Christo
885 2637 921 2704 ct
933 2631 1007 2704 fide
1018 2631 1118 2729 passi
1132 2637 1252 2721 erant,
1267 2630 1421 2730 etquasi
1434 2652 1565 2704 cruen-

409 2761 466 2828 tos
488 2753 786 2836 christianorum
806 2756 921 2830 fastos
941 2755 1162 2834 evolvisset!
1189 2757 1299 2832 Nunc
1319 2746 1439 2856 quum
1457 2779 1564 2854 paene

409 2879 565 2978 ignotus
585 2881 711 2971 lateat,
733 2879 832 2956 inter
857 2881 1049 2979 principes
1066 2890 1194 2980 poetas
1214 2883 1417 2958 incederet.

459 3005 550 3090 Qua
572 3031 632 3080 res
658 3004 764 3082 enim
789 3030 837 3080 ex
862 3007 1024 3080 humani
1046 3007 1201 3106 generis
1221 3007 1425 3082 annalibus
1439 3009 1568 3081 decer-

409 3110 563 3228 peretur
590 3130 730 3205 fidibus
755 3130 908 3228 aptior?
928 3157 1013 3230 qure
1037 3133 1085 3205 ad
1110 3133 1315 3208 flectendos
1333 3133 1482 3207 animos
1500 3157 1567 3205 va-

410 3255 573 3333 lentior?
591 3255 785 3342 Quantum
804 3263 966 3354 etquam
979 3257 1206 3353 praclarum
1219 3259 1361 3357 praebet
1376 3266 1563 3356 spectacu-

410 3377 493 3450 lum
503 3379 584 3460 lraec
595 3379 715 3476 longa
724 3386 939 3478 martyrum
957 3379 1074 3457 series
1086 3382 1152 3479 qui
1164 3381 1282 3455 vitam
1292 3406 1382 3455 vcro
1396 3380 1569 3454 lubentes

407 3501 632 3601 impendere
653 3505 775 3603 parati
792 3507 1023 3604 procedunt!
1042 3508 1152 3580 Nunc
1166 3507 1239 3582 viri
1258 3507 1311 3581 illi
1325 3508 1543 3581 consulares
1559 3505 1567 3544 ¹

414 3654 606 3728 purpureo
647 3626 769 3704 induti
800 3631 987 3722 laticlavo,
1025 3633 1203 3708 omnibus
1243 3631 1404 3732 ingenii
1424 3631 1569 3705 viribus

417 3760 453 3828 et
464 3753 624 3829 dicendo
638 3756 840 3852 pallantea,
854 3757 1017 3856 vittaque
1040 3759 1278 3834 sanctitatem
1292 3784 1370 3856 prae
1388 3783 1428 3830 se
1442 3758 1568 3831 leren-

416 3881 647 3969 asstabant
662 3890 749 3962 ante
766 3884 970 3980 praesulem
984 3883 1158 3958 morituri
1167 3911 1175 3972 ;
1190 3909 1294 3958 nuno
1305 3883 1450 3957 nobiles
1464 3882 1570 3981 puel-

416 4004 484 4080 ta²
507 4005 648 4104 inipso
665 4006 907 4098 aetatisssore,
928 4009 1063 4098 forma,
1087 4034 1240 4106 genere,
1266 4007 1438 4083 doctrina
1456 4006 1570 4082 etiam

452 4340 475 4386 1.
498 4335 590 4388 Sancti
609 4337 717 4390 Damasi
739 4352 857 4402 curma,
873 4337 945 4407 apud
962 4339 1025 4392 Maii
1048 4345 1199 4408 scriptores
1211 4346 1320 4404 aeterra
1341 4345 1361 4393 t.
1380 4343 1411 4406 V,
1427 4355 1453 4409 p.
1468 4344 1525 4394 3an
1538 4357 1572 4377 -··

417 4421 508 4475 Sancti
531 4420 687 4490 Hieronymi
706 4424 738 4476 de
765 4427 833 4476 Viris
851 4424 963 4488 illustr„
986 4440 1044 4495 cap.
1065 4442 1132 4480 mu.
1149 4456 1180 4465 -
1198 4425 1331 4491 Bolland.‚
1346 4424 1482 4490 februarii,
1503 4429 1523 4480 t.
1550 4419 1570 4487 l,

418 4504 476 4558 dies
490 4512 529 4572 10,
545 4521 571 4575 p.
583 4513 639 4569 ³88,
650 4510 665 4575 S
677 4515 709 4571 95
722 4507 777 4560 dies
791 4518 816 4572 a,
830 4525 856 4577 p.
872 4517 930 4565 773.

451 4596 477 4642 2.
497 4588 603 4642 Eusebii
626 4591 791 4645 castriensis
810 4596 913 4646 Hister.
935 4597 1044 4658 Ecetra,
1069 4597 1123 4660 Vll,
1142 4611 1198 4648 xiv.
1211 4626 1238 4634 -
1254 4595 1383 4656 Bolland„
1407 4599 1426 4648 t.
1439 4586 1472 4657 t,
1488 4595 1571 4666 junii,

417 4688 444 4742 p,
463 4679 502 4735 19,
515 4684 557 4728 25.
