3592 5668
725 583 904 648 ..15-

288 722 455 820 Magnus
486 745 577 796 sane
597 717 703 816 inter
717 722 907 797 Romanos
934 721 1132 821 pontifices
1152 721 1295 795 eminet
1321 723 1394 795 Da-

238 869 381 938 masus
403 845 672 947 praeclarisque
690 847 784 924 actis
801 847 969 948 insignis
982 847 1084 947 apud
1099 871 1168 920 nos
1183 845 1313 922 evasit.

288 973 433 1049 Urbem
446 971 551 1048 enim
569 973 742 1073 partibus
757 981 794 1049 et
812 972 1114 1050 dissensionibus
1141 979 1178 1048 et
1196 971 1395 1047 discordiis

239 1101 317 1177 lere
337 1102 548 1176 confectam
561 1102 682 1176 multo
701 1102 831 1176 labore
841 1110 878 1177 et
892 1125 986 1176 cura
997 1100 1158 1199 pacavit,
1176 1107 1213 1174 et
1229 1098 1395 1174 Ursicini

240 1227 419 1318 fautores,
437 1252 507 1306 nec
533 1252 611 1302 non
630 1251 693 1301 eos
711 1226 777 1325 qui
807 1226 971 1303 Luciferi
986 1233 1024 1301 et
1041 1225 1176 1301 Donati
1195 1232 1321 1324 partes
1338 1231 1396 1300 te-

240 1359 416 1444 nuerant,
430 1360 466 1427 et
479 1352 651 1452 aquibus
669 1352 736 1427 diu
752 1353 876 1428 fuerat
888 1349 1301 1451 exagitatusltandem,
1318 1349 1395 1425 divi

240 1477 496 1553 Valentiniani
516 1478 636 1552 fretus
658 1476 813 1568 auxilio,
836 1479 885 1552 ab
898 1478 1001 1552 Urbe
1020 1476 1198 1577 expulit¹.

290 1603 499 1678 Luxuriam
518 1611 702 1701 praeterea
723 1611 760 1678 et
779 1602 1050 1702 inexplebilem
1069 1603 1153 1679 auri
1174 1603 1276 1679 sitim
1295 1603 1397 1702 apud

241 1729 396 1804 clericos
418 1729 457 1802 vi
489 1729 623 1828 legum
658 1729 892 1829 compressit,
926 1754 1091 1828 quorum
1127 1727 1267 1807 scilicet
1295 1730 1399 1805 haud

240 1856 352 1954 pauci
367 1854 502 1931 alienis
526 1855 669 1933 divitiis
689 1857 895 1948 inhiantes
922 1882 946 1931 a
976 1856 1142 1956 pupillis,
1168 1857 1398 1956 senibusque

240 2005 286 2055 ac
303 1981 429 2055 viduis
447 1981 676 2057 mulieribus
698 1982 992 2073 contendebant,
1019 1989 1061 2058 ut
1073 1983 1134 2056 vel
1159 1981 1199 2055 in
1221 1978 1398 2080 prasenti

242 2107 467 2183 muneribus
500 2109 749 2200 donarentur,
775 2109 905 2183 velex
922 2107 1051 2208 aliqua
1074 2115 1180 2207 parte
1205 2106 1399 2183 adscribe-

242 2240 376 2307 rentur
397 2234 588 2311 heredes‘.
617 2233 740 2321 Quam
759 2240 801 2309 ut
815 2233 1008 2309 cohiberet
1020 2232 1232 2324 avaritiam,
1263 2233 1401 2308 Dama-

243 2383 309 2433 sus
333 2384 357 2433 a
372 2357 640 2434 Valentiniano
668 2360 897 2459 rescriptum
919 2358 1136 2458 impetravit
1153 2384 1230 2457 quo
1254 2356 1401 2434 clericis

243 2507 403 2583 nequae
425 2490 649 2560 testamento
673 2510 797 2584 neque
825 2510 845 2559 e
868 2482 1137 2559 donationibus
1156 2506 1291 2582 capere
1311 2481 1401 2556 lice-

244 2609 332 2684 ret³.
360 2609 440 2685 Sibi
465 2610 580 2686 etiam
607 2611 845 2711 summisque
866 2611 906 2684 in
938 2616 1134 2709 posterum
1156 2607 1400 2709 pontificibus

244 2733 430 2833 majorem
445 2735 710 2812 auctoritatem
726 2744 762 2811 et
776 2760 982 2811 causarum
1000 2735 1175 2810 omnium
1197 2735 1236 2808 in
1258 2734 1400 2835 quibus
1467 2711 1473 2724 ⁸

243 2860 290 2935 de
307 2860 444 2936 clerico
460 2868 526 2936 aut
543 2862 737 2937 sacerdote
752 2860 974 2960 cpiscopove
993 2868 1188 2960 ageretur,
1208 2883 1400 2936 summam

244 2983 507 3083 cognitionem
525 2986 792 3085 comparavit⁴.

293 3109 371 3185 Nec
394 3109 609 3187 litterarum
633 3110 763 3186 minus
784 3135 902 3211 quam
931 3110 1166 3187 auctoritatis
1190 3113 1395 3203 studiosus

244 3234 394 3308 Novum
412 3236 698 3312 Testamentum
727 3243 764 3311 et
784 3236 961 3336 antiquos
982 3236 1134 3316 Davidis
1158 3244 1194 3312 et
1225 3238 1402 3312 Hebraeo·
1447 3225 1450 3230 ¹

244 3384 333 3433 rum
356 3369 488 3437 vatum
507 3363 685 3462 hymnos,
708 3363 827 3460 longo
851 3361 1007 3461 quidem
1033 3363 1243 3438 deformata
1270 3389 1343 3440 usu
1366 3369 1403 3437 et

245 3486 379 3560 crebra
402 3486 544 3562 iniecta
563 3487 660 3579 labe,
689 3486 924 3563 restituenda
942 3465 1100 3562 curavit.
1135 3487 1216 3575 Quo
1243 3512 1403 3562 munere

243 3805 352 3861 prenge,
366 3795 436 3845 Etsi.
448 3793 481 3844 de
493 3796 581 3845 sainte
593 3793 686 3851 Paule,
695 3790 736 3845 ch.
752 3807 772 3857 1,
784 3807 811 3860 p.
825 3799 853 3847 17
867 3790 959 3858 (Paris,
969 3791 1148 3862 Poussielgue,
1161 3794 1244 3860 1887).
1255 3823 1288 3832 -
1300 3796 1402 3855 barras,

244 3867 484 3942 notarique,
497 3880 518 3929 t.
528 3877 563 3937 X,
572 3891 594 3930 c.
605 3891 636 3939 u,
647 3891 673 3945 p.
687 3883 744 3937 231,
756 3881 804 3929 247
816 3876 911 3942 (Paris,
925 3875 1013 3940 Vives,
1029 3875 1271 3944 istit-Amedic
1280 3878 1401 3948 liberty,

244 3963 318 4026 Satri
328 3961 441 4024 carme,
453 3959 503 4015 liv.
515 3961 560 4020 111,
575 3975 601 4030 p.
614 3962 673 4023 188,
686 3969 742 4014 loo.
1072 3979 1074 3984 ·

281 4054 304 4099 ι.
322 4045 471 4100 Marcellini
483 4051 510 4099 et
522 4045 642 4099 Faustini
660 4047 777 4100 Libellus
791 4060 915 4113 precum,
936 4046 969 4114 §S
988 4055 1018 4100 22
1036 4045 1052 4101 ai
1070 4052 1111 4100 84.
1128 4078 1161 4088 -
1184 4050 1246 4103 cod.
1263 4051 1401 4111 Tbeodoa,

245 4129 371 4202 append,
392 4145 419 4199 p.
437 4137 481 4195 90,
501 4139 542 4185 88.
556 4159 588 4171 -
607 4131 697 4183 dmm.
714 4128 842 4196 Marcell,
860 4131 961 4191 XXVII,
978 4144 1018 4184 111.
1036 4160 1069 4170 -
1091 4132 1229 4193 Batonius,
1253 4147 1316 4188 ann.
1342 4140 1402 4200 ³71,

145 4213 148 4220 '
245 4215 313 4283 552,
328 4225 360 4282 53
378 4230 440 4269 ann.
455 4220 515 4278 381,
528 4216 561 4284 §S
574 4225 600 4279 2,
614 4225 638 4272 7.
658 4245 689 4254 -
703 4214 810 4284 Pagius,
824 4220 1004 4281 breviarium,
1019 4232 1045 4287 p.
1060 4227 1101 4272 88.

280 4309 304 4354 ².
323 4299 414 4354 Sancti
428 4299 584 4369 Hieronymi
591 4304 679 4368 optet.
693 4303 753 4364 n11,
768 4299 784 4366 s
800 4307 823 4361 8,
835 4298 869 4353 ad
877 4301 1067 4370 Nepotianum.

280 4390 304 4438 3.
322 4388 386 4440 Cod.
404 4386 539 4448 Theodos„
549 4384 587 4439 loi
598 4395 640 4452 20,
655 4387 857 4453 despuman
869 4387 1154 4456 Cbrtcb(llvl,11).-
1169 4387 1260 4442 Sancti
1268 4387 1401 4443 Ambrosii

246 4474 542 4622 &apt-offlam
556 4557 689 4629 appendix
702 4571 719 4610 a
732 4556 875 4612 Sirmondo
888 4557 967 4625 edita,
981 4575 1007 4629 p.
1021 4569 1063 4627 88,
1076 4567 1118 4623 88,
1135 4563 1167 4612 88
1183 4559 1274 4630 (Paris,
1286 4563 1404 4625 17³1).-

246 4668 280 4679 -
292 4640 412 4705 Blondel‚
423 4643 456 4696 de
466 4644 495 4696 lo
504 4645 644 4698 Priameia
654 4658 686 4695 en
697 4633 815 4710 l’llgttre,
830 4658 858 4713 p.
875 4650 923 4698 888
938 4643 1066 4708 (Genive,
1082 4649 1156 4706 8841,
1166 4643 1278 4706 intel-l.
