3592 5668
917 636 1093 706 ..34-

425 780 564 858 siderio
582 783 691 881 quasi
712 780 904 857 cruciatus
931 789 987 856 est
1006 780 1106 856 inter
1130 804 1304 878 paganos
1328 779 1581 876 prudentissi-

422 931 510 982 mus
522 908 702 1010 quisque;
719 915 786 982 aut
808 932 944 1006 quum,
972 906 1143 983 divinam
1158 906 1399 1005 majestatem
1411 908 1582 984 humano

422 1035 495 1108 sub
513 1059 671 1132 corpore
694 1034 876 1108 latentem
893 1058 969 1132 quo
995 1033 1133 1108 melius
1158 1031 1360 1131 exprimat,
1392 1032 1582 1107 mundum

420 1185 445 1236 a
473 1160 564 1234 lesu
596 1159 744 1234 Christo
775 1184 957 1257 corporea
989 1159 1168 1233 indutum
1201 1159 1332 1257 ligura
1364 1159 1579 1232 confitetur.

420 1283 530 1370 Quod
554 1285 683 1361 forsan
703 1310 727 1360 a
745 1285 942 1360 nonnullis
964 1291 1149 1384 tanquam
1178 1283 1362 1360 audacius
1387 1283 1581 1382 vitupera-

420 1411 544 1502 bitur,
574 1420 742 1491 attamen
771 1410 903 1488 multis
934 1436 1002 1509 per
1028 1411 1149 1510 longa
1181 1410 1320 1486 saecula
1350 1409 1513 1507 placuit,
1543 1417 1580 1484 et

421 1559 468 1608 ex
494 1533 559 1608 illo
586 1533 738 1608 Damasi
771 1533 940 1607 carmine
977 1533 1058 1607 sine
1085 1532 1201 1607 dubio
1228 1531 1369 1624 decidit
1391 1533 1465 1608 hoc
1483 1557 1579 1629 praa-

420 1661 592 1753 clarum,
624 1661 727 1759 quod
759 1658 917 1734 miranti
944 1659 1214 1758 Christophoro
1245 1658 1451 1756 parvulum
1484 1682 1578 1756 pue-

420 1811 509 1861 rum
538 1793 617 1860 tam
648 1808 809 1884 gravem
843 1784 1080 1874 incumbere,
1096 1783 1260 1857 verbum
1285 1784 1395 1882 lesus
1424 1808 1579 1881 respon-

418 1912 499 1988 dit:
536 1909 654 1986 «Noli
681 1909 836 2011 quidem
866 1909 1014 1999 mirari,
1044 1909 1216 1984 humeris
1245 1909 1348 1984 enim
1375 1908 1451 1984 tuis
1479 1915 1578 1983 totus

416 2039 555 2113 insidet
572 2038 753 2111 mundus
776 2065 792 2104 »
819 2034 954 2109 Nescio
981 2033 1096 2110 etiam
1124 2061 1220 2109 num
1247 2033 1333 2134 quis
1361 2033 1577 2133 elegantius

416 2161 636 2262 predixerit
672 2161 846 2249 Mariam,
885 2159 951 2233 Dei
989 2161 1241 2260 genitricem,
1275 2186 1361 2260 quae
1390 2159 1479 2234 sinu
1494 2183 1577 2260 vsuo

417 2287 528 2362 illum
560 2285 732 2362 cohibuit
752 2283 817 2384 qui
847 2283 1072 2362 universum
1093 2287 1226 2360 orbem
1258 2286 1299 2360 in
1327 2311 1367 2360 se
1400 2284 1481 2384 ipso
1504 2285 1577 2359 late

417 2413 587 2490 eontinet
608 2444 617 2486 ε

535 2624 708 2684 Auctorem
722 2621 864 2702 paritura
879 2599 972 2684 siium
986 2621 1134 2684 mortalia
1148 2618 1245 2686 corda

536 2729 701 2796 Artificem
716 2734 824 2791 texere
839 2730 905 2810 poli
918 2727 1094 2810 mundique
1109 2728 1167 2791 suh
1181 2729 1247 2790 imo

536 2837 678 2913 Pectore,
697 2854 760 2917 quo
775 2840 880 2900 totum
895 2838 959 2899 late
976 2822 1202 2916 complectitur
1215 2833 1344 2910 orheim
1391 2859 1394 2866 ·

460 2991 462 2997 .
535 2944 575 3006 Et
591 2945 646 3024 qui
660 2962 725 3006 non
739 2945 850 3023 spatiis
862 2949 969 3021 terrae,
987 2961 1051 3005 non
1067 2944 1204 3024 aequoris
1218 2943 1324 3014 undis,

537 3052 606 3114 Non
620 3049 746 3132 capitur
759 3052 852 3127 coelo,
868 3069 981 3131 parvos
995 3051 1149 3116 confluxit
1162 3051 1196 3112 in
1211 3055 1299 3114 artus
1308 3057 1328 3111 ¹.

466 3235 509 3313 ld
522 3213 651 3313 tamen
677 3239 839 3312 Damaso
863 3238 1016 3312 crimini
1042 3237 1219 3313 dabimus
1248 3238 1350 3337 qnod
1374 3263 1452 3312 non
1483 3235 1573 3312 satis

416 3361 615 3460 perspicue
630 3362 770 3436 latetur
787 3361 981 3437 Christum
996 3388 1019 3436 a
1035 3363 1110 3436 Deo
1126 3388 1203 3437 non
1218 3349 1402 3452 cretuma,
1421 3362 1487 3437 sed
1503 3388 1573 3461 ge-

416 3488 541 3561 nitum
561 3513 661 3579 esse,
695 3512 772 3563 non
799 3488 902 3563 inlra
941 3489 1091 3563 Patrem
1121 3489 1334 3563 secundum
1367 3487 1572 3588 quemdam

415 3621 545 3689 tenere
562 3615 703 3705 locum,
724 3621 764 3690 at
788 3613 901 3714 juxta
927 3639 1030 3703 eum,
1051 3614 1141 3714 jure
1171 3639 1315 3714 parem,
1341 3615 1518 3713 potentia
1535 3620 1572 3689 et

415 3737 540 3813 laudis
557 3739 780 3838 participem
813 3735 991 3814 insidere.
1027 3738 1083 3814 Ex
1110 3737 1185 3814 illis
1205 3739 1308 3814 enim
1336 3737 1571 3814 carminibus

416 3889 494 3938 non
509 3865 600 3939 satis
612 3867 724 3964 plane
743 3865 962 3940 christianae
976 3866 1076 3964 plebi
1087 3867 1238 3964 patebat
1252 3865 1345 3966 quid
1361 3867 1408 3940 de
1422 3865 1570 3940 Christo

416 3997 587 4064 censeret
616 3990 819 4080 Damasus
848 4017 898 4065 an
924 3991 1030 4064 hunc
1059 3991 1180 4064 Deum
1216 3998 1253 4065 et
1282 3991 1439 4065 omnino
1469 3990 1571 4066 Patri

415 4113 580 4190 similem
608 4118 866 4191 confiteretur.
905 4116 1013 4203 Quod
1046 4116 1225 4215 quidem,
1258 4141 1302 4190 ea
1335 4123 1569 4215 tempestate,

414 4241 620 4340 permagni
634 4241 819 4317 momenti
836 4249 942 4316 erat:
965 4249 1058 4316 tunc
1088 4241 1191 4316 enim
1208 4241 1352 4330 Ariani,
1377 4241 1417 4316 in
1436 4241 1573 4316 Orien·

414 4365 462 4438 tis
478 4366 650 4464 partibus
671 4368 869 4464 pallantea,
887 4366 1081 4442 Christum
1099 4375 1284 4467 tanquam
1308 4368 1429 4443 Deum
1452 4393 1574 4467 nega-

1354 4577 1572 4598 mammona—2

445 4724 468 4768 1.
487 4717 578 4769 Sancti
593 4717 699 4770 Damasi
711 4719 743 4770 dc
755 4720 860 4771 Olntsto
873 4733 990 4772 cornico.
