3592 5668
726 709 768 716 -
792 669 834 736 55
859 709 901 717 .-

237 808 341 906 pice¹
361 811 500 882 :ambo
529 809 668 884 milites
691 812 894 910 conscripti
923 839 992 911 pro
1015 815 1162 889 Caesare
1185 817 1390 908 bellabant,

236 935 349 1008 ambo
379 935 606 1010 christianos
631 935 846 1012 interficere
864 937 964 1036 jussi
989 941 1175 1037 parebant
1202 941 1390 1034 immitem

235 1084 356 1158 quum
372 1060 496 1134 subito
512 1061 549 1135 vi
565 1063 731 1160 quadam
751 1064 944 1154 commoti,
963 1091 1002 1139 se
1024 1066 1252 1142 christianos
1268 1069 1391 1143 saten-

235 1193 311 1274 tur‚
330 1185 537 1284 projiciunt
557 1212 666 1262 arma
679 1196 728 1280 et,
747 1215 795 1263 ne
809 1190 962 1281 feriant,
980 1192 1185 1267 feriuntur.

283 1311 329 1383 At
366 1312 494 1386 forsan
537 1313 792 1412 insigniorem
830 1316 962 1414 cupias
1002 1325 1041 1392 et
1082 1318 1269 1416 majorem
1304 1345 1391 1394 um-

235 1437 367 1512 bram:
391 1439 467 1513 voti
487 1439 538 1512 sis
556 1465 722 1539 compca
746 1449 782 1516 et
797 1442 1040 1517 adductama
1063 1444 1224 1539 Damaso
1249 1445 1390 1520 mirare

234 1565 410 1661 Agatben
428 1563 456 1656 ²,
485 1591 571 1664 quae
605 1566 721 1665 stirpe
748 1570 863 1657 clara,
893 1569 1016 1642 forma
1043 1569 1157 1644 simul
1189 1577 1226 1644 et
1249 1570 1389 1645 virtute

233 1695 436 1784 praestana,
469 1687 569 1762 inter
596 1691 751 1789 eosqui
779 1690 1053 1790 gloriosissime
1076 1693 1386 1783 decertaverunt,

233 1813 374 1912 inclyta
412 1815 593 1890 considet.
634 1816 757 1903 Quam
785 1818 888 1891 haud
915 1795 1097 1891 inferiori
1128 1818 1289 1891 laudans
1318 1819 1390 1892 Da-

232 1963 362 2013 masus
392 1940 587 2031 carmine,
632 1967 701 2015 nos
739 1943 929 2040 extemplo
964 1942 1158 2016 alacritate
1193 1949 1229 2017 et
1258 1943 1392 2018 laetitia

232 2063 387 2162 corripit
411 2071 449 2138 et
473 2067 521 2139 ad
551 2067 690 2141 festum
719 2066 829 2166 quasi
852 2066 1004 2157 invitat,
1030 2067 1082 2141 ita
1106 2075 1149 2140 ut
1170 2092 1191 2141 e
1216 2068 1387 2142 versibus

231 2191 314 2289 ejus
341 2190 471 2264 omnia
484 2191 670 2290 triumphi
692 2193 862 2266 redolere
878 2191 1024 2290 gaudia
1037 2192 1154 2266 dicas.
1172 2192 1264 2265 lnde
1280 2192 1389 2264 ¹cele—

230 2315 322 2390 riter
337 2341 523 2414 pergens,
543 2341 795 2416 quacumque
811 2319 937 2416 puella
957 2316 1076 2416 gessit
1093 2317 1186 2390 levis
1206 2325 1242 2392 et
1259 2317 1388 2390 exsul-

230 2449 315 2518 tans
330 2441 473 2515 indicat
490 2469 498 2516 :
516 2467 633 2541 quam
644 2444 753 2516 *ferox
767 2446 951 2540 perennia
965 2442 1118 2516 caducis
1130 2443 1389 2540 anteposuerit

231 2567 387 2665 gaudia,
434 2591 551 2665 quam
590 2567 697 2652 sortis
724 2568 832 2642 varia
868 2569 1134 2664 horrendaque
1165 2567 1388 2641 sustinuerit

230 2703 439 2786 tormenta,
476 2698 629 2796 quantis
653 2723 721 2796 per
745 2699 900 2772 vincula
935 2698 1121 2796 praesidiis
1143 2700 1384 2789 confirmata,

229 2823 437 2920 egentibus
451 2849 568 2922 quam
588 2824 776 2922 benigna,
793 2849 909 2922 quam
922 2825 1068 2922 pollens
1081 2825 1249 2898 furentes
1263 2825 1386 2898 AEtnae

229 2949 341 3046 ignes
364 2949 650 3046 compescuerit.
676 2951 785 3023 Unde
807 2950 949 3048 percipi
967 2955 1088 3047 potest
1101 2973 1219 3049 quam
1241 2949 1385 3047 peritus

228 3075 342 3148 fuerit
374 3076 725 3173 componendorum
750 3100 934 3149 versuum
960 3073 1170 3164 Damasia,
1199 3082 1235 3149 et
1270 3075 1385 3148 variis

229 3205 426 3278 Musarum
446 3203 641 3277 laboribus
675 3229 791 3303 quam
824 3201 1030 3278 exercitus(
1068 3203 1251 3301 Neglecto
1279 3203 1383 3276 enim

228 3328 289 3401 cui
307 3327 510 3425 indulgere
528 3329 672 3402 solebat
684 3325 794 3425 pede,
815 3330 1036 3402 hexametro
1052 3327 1205 3417 scilieet,
1223 3328 1272 3402 ad
1286 3319 1383 3402 acri-

227 3479 333 3527 orem
349 3454 556 3552 quemdam
571 3461 608 3526 et
627 3453 755 3550 magis
772 3453 891 3526 citum
909 3477 1115 3526 numerum
1126 3477 1167 3525 sc
1178 3452 1337 3541 conlert‚
1349 3461 1385 3526 et

227 3581 402 3678 Agathan
421 3577 595 3650 versibus
609 3577 712 3651 canit
726 3601 803 3650 non
818 3577 892 3650 nisi
904 3575 1075 3651 iambeis
1095 3577 1225 3674 Neque
1240 3575 1313 3650 hoc
1323 3599 1384 3650 so-
1466 3657 1469 3663 ,

227 3705 308 3775 lum
321 3726 329 3772 ε
343 3707 394 3788 at,
412 3698 579 3772 nobilem
592 3701 759 3797 puellam
773 3723 850 3797 quo
858 3698 1071 3796 jucundius
1087 3699 1227 3788 laudet,
1238 3722 1381 3773 novum

226 3826 432 3926 quemdam
467 3833 505 3898 et
530 3825 657 3899 adhuc
682 3825 912 3898 intentatum
948 3825 1105 3897 modum
1133 3825 1378 3922 aggreditur.

227 3951 321 4040 Qui,
355 3974 477 4048 quum
514 3948 705 4024 veteribus
734 3949 920 4036 sorderet,
958 3954 1087 4021 tamen
1112 3949 1214 4045 apud
1248 3973 1381 4022 recen-

228 4076 341 4150 tiores
359 4075 534 4163 invaluit,
556 4080 593 4148 et
611 4076 683 4147 hcc
701 4074 892 4172 peculiare
910 4074 1036 4165 affert,
1058 4082 1101 4147 ut
1128 4097 1204 4172 qua
1234 4072 1380 4170 singuli

226 4200 408 4276 desinunt
424 4223 556 4274 versus
581 4199 743 4298 syllaba,
764 4201 846 4272 haee
866 4199 1037 4272 inferiori
1051 4198 1187 4272 similis
1204 4199 1380 4272 concordi

228 4326 311 4426 ejus
325 4324 536 4424 excipiatur
547 4324 657 4423 quasi
668 4349 891 4422 repercussa
902 4348 1009 4414 sono,
1023 4324 1074 4398 ita
1089 4330 1131 4398 ut
1142 4323 1261 4397 altera
1274 4324 1383 4397 alteri

263 4658 286 4704 l.
305 4648 395 4703 Sancti
406 4647 513 4702 Damasi
526 4649 560 4700 dc
574 4652 619 4701 ss.
630 4649 796 4714 martyribus
805 4651 889 4700 Nereo
898 4651 924 4698 cl
932 4644 1061 4708 Aetates,
1074 4657 1182 4697 carmen
1199 4657 1263 4696 xxv.

262 4745 287 4790 a.
306 4733 396 4790 Sancti
410 4735 517 4788 Damasi
529 4735 564 4787 dc
578 4738 678 4787 sancto
690 4734 795 4801 Apama
807 4737 936 4799 martyre,
951 4744 1058 4784 carmen
1068 4743 1148 4782 xxix.
