3592 5668
880 621 1119 686 .-52-

456 781 524 830 nec
539 756 667 831 minus
684 757 798 832 etiam
813 758 859 831 dc
868 757 943 832 illis
957 759 1023 858 qui
1039 756 1336 832 christianorum
1350 753 1520 853 pristinis
1530 779 1616 826 mo-

454 881 559 956 ribus
577 884 730 958 student
743 891 778 958 et
793 884 1003 982 disciplina
1023 910 1100 984 qua
1115 883 1415 982 diuviguerunt
1441 887 1498 954 est
1528 904 1612 952 me-

455 1009 562 1097 rituS,
580 1034 701 1108 quum
735 1019 921 1110 martyres
949 1011 1053 1086 canit
1081 1010 1144 1110 qui
1163 1010 1303 1084 virtute
1323 1008 1415 1098 sola,
1440 1031 1516 1080 non
1533 1008 1611 1080 ho-

453 1134 623 1225 noribus
642 1161 712 1211 nec
728 1137 867 1236 grandi
891 1139 1056 1238 quodam
1082 1146 1119 1213 et
1137 1136 1299 1236 egregio
1322 1134 1490 1209 facinore
1512 1131 1609 1206 emi-

453 1286 571 1334 nuere
588 1285 595 1333 :
615 1261 724 1335 nobis
737 1263 841 1336 enim
857 1265 1049 1339 horrenda
1063 1270 1235 1352 testatur,
1254 1260 1394 1361 quibus
1414 1258 1609 1334 laniaban-

451 1393 514 1460 tur
541 1386 751 1477 christiani,
789 1395 990 1479 tormenta,
1029 1397 1206 1488 certaque
1244 1395 1281 1462 ct
1313 1408 1531 1484 permagna
1560 1380 1607 1455 de

450 1510 624 1609 pristinis
642 1513 942 1588 christianorum
958 1515 1129 1589 moribus
1148 1512 1289 1589 indicia
1303 1513 1426 1587 affert.

500 1638 558 1712 Sic
586 1638 807 1713 claudibus
834 1641 954 1715 sancti
970 1640 1128 1715 Tarsioii
1152 1635 1422 1739 perspicimus¹
1460 1656 1605 1708 morem

448 1765 643 1864 quondam
676 1765 894 1840 christianis
929 1766 1045 1841 fuisse
1078 1769 1236 1841 domum
1260 1761 1427 1865 quotidie
1466 1759 1513 1834 iis
1539 1756 1602 1856 qui

449 1892 582 1965 morbo
607 1890 749 1965 detenti
771 1891 810 1964 in
834 1892 1034 1967 ecclesiam
1066 1918 1143 1967 non
1168 1890 1446 1975 convenissent,
1474 1883 1601 1957 vivum

447 2041 587 2115 panem
625 2024 660 2090 et
701 2017 916 2093 immortale
949 2044 1099 2094 merum
1134 2019 1293 2093 deferre.
1328 2016 1465 2090 Narrat
1500 2007 1603 2084 enim

448 2142 632 2216 Damasus
661 2143 884 2233 Tarsicium‚
919 2144 1131 2218 Romanam
1161 2145 1263 2242 apud
1293 2133 1603 2233 ecetesiamgdia-

449 2293 602 2358 conum,
633 2294 754 2366 quum
775 2269 823 2342 ad
848 2295 924 2360 eos
956 2270 1022 2368 qui
1047 2270 1253 2344 conventui
1278 2294 1354 2342 non
1385 2267 1612 2343 adfuissentr

449 2418 556 2467 sacra
597 2391 770 2467 convivia
801 2394 942 2484 ferret,
989 2420 1194 2495 apagana
1232 2396 1361 2491 turba]
1380 2413 1601 2492 oppressum

449 2518 641 2606 cecidisse,
678 2520 820 2594 nedum
856 2520 1048 2594 sceleratis
1085 2546 1192 2596 sacra
1233 2528 1363 2595 nostra
1394 2516 1598 2618 proderet².

450 2644 542 2718 Inde
584 2644 697 2718 etiam
735 2643 988 2744 intelligimus
1028 2654 1171 2747 quanto
1215 2648 1442 2720 efferrentur
1480 2642 1601 2719 studio

447 2770 604 2869 pagani,
637 2777 678 2844 ut
706 2770 1003 2845 christianorum
1030 2772 1321 2870 introspicerem
1349 2770 1542 2870 mysteria,
1568 2775 1604 2842 et

443 2921 577 2971 eorum
590 2895 794 2971 illuderent
805 2897 936 2986 sacris,
949 2923 1020 2972 nec
1036 2923 1113 2971 non
1129 2898 1223 2998 quid
1238 2898 1284 2971 de
1297 2897 1462 2997 paganis
1477 2894 1603 2970 existi-

446 3028 595 3096 marent
611 3019 821 3094 christiani.
841 3021 935 3095 Istos
950 3022 1053 3096 enim
1069 3022 1221 3098 rabidos
1235 3049 1348 3098 canes
1361 3023 1451 3098 dicit
1469 3024 1603 3096 Dama-

445 3172 523 3235 sus
540 3171 610 3221 nec
630 3146 914 3244 imprudenter:
932 3172 1022 3222 nam
1038 3156 1114 3223 toto
1136 3156 1286 3247 pectore
1301 3148 1603 3247 aspernabantur

445 3270 643 3348 christiani
664 3271 843 3345 stolidum
870 3273 942 3346 hoo
966 3281 1003 3347 et
1022 3274 1312 3372 spurcissimum
1335 3274 1477 3373 vulgus
1502 3273 1602 3373 quod

481 3589 505 3632 1.
523 3579 560 3631 De
573 3575 657 3641 rossi,
674 3580 693 3627 t.
706 3577 740 3638 11,
750 3590 776 3644 p
793 3585 817 3630 9.

481 3673 506 3716 2.
524 3660 615 3716 Sancti
628 3660 735 3715 Damasi
751 3663 784 3714 de
797 3666 892 3716 Sancto
907 3667 1035 3731 Torstcto,
1048 3681 1156 3720 carmen
1166 3683 1242 3722 xvui.

617 3769 629 3792 ιι
649 3747 698 3798 Par
712 3746 849 3809 meritum,
864 3751 1029 3820 quicumque
1040 3751 1115 3822 legis,
1126 3768 1253 3822 cognosce
1266 3753 1391 3820 duorum,

619 3853 631 3876 ιι
652 3830 734 3893 Queis
746 3834 875 3885 Damasus
889 3840 972 3888 rector
985 3835 1079 3890 titulos
1093 3843 1152 3906 post
1163 3841 1273 3908 praemia
1288 3841 1382 3894 reddit.

615 3931 628 3961 (ι
644 3917 657 3968 J
662 3914 771 3970 udaiaus
783 3917 900 3986 populus
911 3919 1078 3989 Stephanum
1090 3923 1201 3978 meliora
1214 3931 1375 3990 monentem,

613 4025 626 4043 ι
644 4000 794 4054 Percuteret
807 4003 887 4066 saxis,
902 4003 1000 4058 tulerat
1013 4007 1062 4075 qui
1075 4023 1106 4061 ex
1121 4009 1195 4063 hoste
1208 4015 1346 4081 tropaeum.

614 4106 627 4130 ιι
645 4086 804 4154 Martyrium
820 4088 922 4155 primus
934 4091 1024 4159 rapuit
1037 4091 1119 4146 levita
1131 4095 1225 4150 fidelis.

614 4189 626 4212 ιι
645 4167 791 4221 'tarsicium
804 4175 927 4223 sanctum
937 4173 1034 4226 Christi
1046 4183 1209 4231 sacramenta
1221 4185 1364 4248 gerentem,

614 4274 627 4298 ιι
646 4253 737 4316 Quum
752 4253 886 4308 malesana
900 4272 997 4311 manus
1011 4264 1109 4328 peteret
1122 4263 1231 4331 vulgare
1246 4265 1370 4333 prolenis,

613 4360 625 4384 ιι
645 4340 702 4408 Ipse
716 4339 834 4392 animam
847 4342 935 4410 potius
950 4343 1037 4397 voluit
1048 4346 1180 4401 dimittere
1190 4364 1283 4415 caesus,

612 4445 625 4470 «
645 4425 757 4478 Prodere
771 4442 853 4494 quam
865 4428 977 4482 canibus
991 4431 1090 4485 rabidis
1101 4433 1217 4487 coelestia
1228 4435 1357 4490 membra.
1375 4459 1387 4482 ιι

477 4513 507 4563 ln
527 4507 643 4562 secundo
662 4525 750 4576 versu,
770 4512 842 4580 apud
863 4515 1024 4577 Merendam‚
1038 4524 1156 4586 quisquis
1180 4536 1233 4574 non
1254 4523 1331 4592 queis
1346 4521 1496 4594 piabatur;
1508 4528 1535 4576 at
1549 4523 1597 4578 hoc

441 4594 531 4660 verbo,
546 4593 639 4646 inutili
661 4593 749 4663 plane,
763 4611 861 4650 ¹uersus
882 4597 1075 4669 incompositus
1094 4604 1140 4668 lit;
1160 4619 1268 4673 acquum
1288 4623 1349 4676 ergo
1367 4607 1443 4660 nobis
1461 4608 1597 4662 visumest

442 4684 515 4748 queis
527 4677 651 4732 inducere
664 4693 718 4748 quo
731 4695 821 4733 versus
833 4687 893 4734 stat.
