3592 5668
718 630 896 694 ..31-

231 775 466 867 praestantes,
485 793 509 841 a
527 769 688 865 praesule
707 769 823 867 spreti
858 793 958 867 sape
993 767 1135 866 injuria
1166 769 1306 842 amoris
1331 769 1389 842 in-·

232 920 365 984 censo,
401 893 440 966 in
478 893 689 967 cruciatum
732 895 943 983 dabantur3
981 919 1084 968 nuno
1117 895 1280 993 juvenes
1319 895 1387 968 do-

233 1019 292 1092 nis
332 1018 561 1096 militaribus
598 1019 754 1093 ornati¹
802 1045 870 1118 pro
907 1018 1059 1094 ‘Christo
1105 1021 1386 1118 profundebant

231 1147 349 1221 vitam
368 1170 484 1246 quam
506 1171 574 1243 pro
589 1146 733 1220 Gaesare
748 1145 788 1218 in
805 1145 1011 1219 discrimen
1027 1171 1125 1244 sape
1145 1147 1360 1220 obtulerant
1374 1173 1384 1234 ;

233 1298 337 1347 nune
351 1271 606 1347 adolescentes
625 1271 740 1346 etiam
760 1295 828 1370 pro
853 1270 937 1344 coeli
954 1271 1106 1369 gaudiis
1124 1296 1281 1347 auream
1300 1272 1388 1347 vitae

233 1397 421 1472 venientis
437 1421 543 1496 spem
561 1395 764 1472 mutabant
777 1396 802 1472 ².

283 1525 354 1598 Sed
369 1530 478 1621 poeta
495 1549 583 1596 vere
603 1521 845 1616 christianus,
865 1525 976 1600 samse
991 1549 1070 1600 sua
1093 1523 1252 1600 minime
1264 1524 1390 1599 curio-

235 1675 312 1740 sus,
326 1657 539 1748 martyrum
549 1648 681 1723 laudes
696 1651 814 1748 longo
830 1677 908 1725 non
921 1651 1385 1750 estaggressuscarmine,

236 1781 384 1849 tantum
423 1773 566 1872 lapides
599 1774 753 1848 illorum
786 1775 874 1850 imis
910 1777 1056 1852 abditos
1089 1777 1128 1850 in
1160 1779 1299 1877 cryptis
1328 1776 1390 1876 pia

236 1925 354 1974 manu
364 1900 536 1974 versibus
548 1899 751 1992 decoravit,
771 1901 901 2002 ibique
920 1902 1086 1977 breviter
1095 1927 1155 1977 res
1168 1905 1215 1978 ab
1231 1905 1277 1977 iis
1289 1912 1391 1978 actas

236 2025 490 2125 consignavit.
516 2027 689 2100 Attamen
705 2027 849 2102 existis
866 2028 1041 2127 quamvis
1055 2030 1262 2103 rarissimis
1288 2021 1390 2129 patet

237 2161 273 2228 et
295 2155 443 2253 grande
475 2152 681 2252 ingenium
708 2161 746 2228 et
763 2155 898 2254 magni
916 2155 1036 2230 animi
1055 2156 1225 2247 altitude,
1252 2166 1288 2232 et
1312 2160 1392 2233 lau·

236 2279 363 2354 danda
379 2279 419 2352 in
439 2278 698 2377 exprimendis
720 2279 841 2356 animi
856 2282 1021 2358 motibus
1041 2283 1238 2374 calliditas,
1254 2291 1297 2359 ¹et
1322 2285 1393 2358 ho-

238 2413 345 2481 nesta
362 2405 400 2478 in
421 2406 693 2503 componendis
708 2407 943 2483 carminibus
963 2409 1235 2509 Musarumque
1254 2410 1394 2485 labori-

237 2533 309 2606 bus
323 2530 468 2629 peritia.
1335 2606 1340 2614 ,
1386 2546 1387 2550 ’

286 2658 396 2732 Nunc
419 2664 547 2731 autem
562 2681 682 2755 quum
693 2657 777 2756 jam
793 2659 1002 2734 viderimus
1017 2661 1148 2760 quates
1163 2660 1306 2736 fuerint
1327 2684 1395 2762 per

239 2791 418 2884 quartum
433 2783 616 2858 saeculum
631 2781 828 2858 christiani
843 2793 975 2884 poetae,
1000 2792 1037 2860 et
1054 2787 1192 2885 quibus
1210 2787 1310 2862 inter
1332 2813 1394 2863 eos

240 2909 454 3008 praestiterit
477 2909 661 2982 Damasus
701 2917 829 2983 noster
852 2911 1017 3002 dotibus
1055 2910 1210 3010 singula
1240 2915 1394 2988 tandem

239 3039 420 3112 adeamus
449 3034 532 3134 ejus
560 3032 745 3125 carmina,
775 3042 812 3109 et
833 3061 909 3136 quo
936 3037 1083 3112 facilius
1110 3039 1156 3112 de
1179 3038 1224 3111 iis
1245 3039 1394 3138 judice-

240 3188 338 3253 mUS,
356 3165 438 3238 haec
457 3161 555 3236 inter
573 3187 613 3238 se
628 3186 857 3259 seponamus
877 3163 969 3238 etin
989 3170 1092 3238 certa
1112 3189 1298 3262 cogamus
1325 3191 1396 3265 ge-

242 3311 355 3360 nera:
380 3284 530 3359 Damasi
548 3285 651 3359 enim
670 3287 770 3360 inter
786 3285 969 3376 carmina,
991 3285 1066 3358 alia
1081 3285 1127 3359 de
1140 3286 1301 3377 Christo,
1323 3289 1398 3362 alia

241 3414 287 3486 de
302 3411 500 3511 ApostoliS,
518 3411 679 3486 summis
698 3411 773 3486 alia
797 3411 844 3485 de
858 3410 1101 3510 pontificibus
1124 3412 1190 3510 qui
1224 3420 1311 3487 ante
1336 3413 1396 3512 ip-

243 3563 328 3611 sum
353 3514 545 3628 sederunt,
565 3539 640 3613 alia
669 3539 783 3612 etiam
800 3535 847 3612 de
871 3536 1102 3634 martyribus
1122 3543 1158 3610 et
1172 3537 1397 3613 'christianis

244 3663 474 3761 quibusdam
502 3663 715 3762 conscripta
741 3671 843 3737 sunt.
878 3661 1039 3760 Singula
1072 3687 1166 3761 ergo
1190 3664 1398 3763 aggredia-

243 3813 331 3863 mur
363 3797 401 3862 et
420 3769 542 3888 quam
567 3787 643 3863 sint
672 3787 798 3887 lepida
819 3795 856 3862 et
882 3786 1068 3886 jucunda,
1099 3787 1256 3864 veritate
1281 3815 1398 3890 quam

244 3915 474 4015 prestantia,
501 3923 537 3988 et
555 3921 743 4014 quantum
758 3913 805 3988 iis
819 3912 885 4012 qui
908 3920 1053 3987 veteres
1079 3912 1302 4013 perquirant
1327 3941 1397 3991 an-

245 4044 349 4116 nales
377 4049 413 4116 et
434 4040 548 4141 prisci
572 4039 723 4115 conscia
739 4038 919 4138 temporis
935 4046 1196 4130 monumenta,
1218 4041 1396 4138 prodesse

244 4165 403 4267 possint,
428 4166 555 4242 statim
573 4166 831 4241 ostendamus.

283 4515 306 4561 1.
325 4506 458 4574 Bolland,
471 4512 491 4561 t.
511 4506 533 4571 1,
546 4506 621 4572 maii,
637 4505 775 4560 diosa-
790 4504 898 4560 Eusebii
911 4506 1080 4564 cesariensis
1096 4507 1199 4562 Hister.
1214 4513 1322 4576 scetes,
1334 4509 1391 4569 vm

247 4600 272 4648 2.
286 4622 319 4630 -
332 4591 438 4656 Surius,
452 4599 483 4646 19
495 4589 641 4660 august.,§
656 4597 696 4644 to.

279 4684 305 4732 a.
323 4678 413 4732 Sancti
428 4677 532 4732 Damasi
548 4691 667 4739 carmen,
681 4674 754 4745 apud
762 4675 826 4731 Maii
839 4679 985 4744 scriptores
1000 4681 1107 4742 vetera,
1118 4682 1137 4732 t.
1150 4679 1181 4746 V,
1193 4695 1218 4748 p.
1234 4689 1291 4735 ³81.
