3592 5668
891 631 1069 698 „2⁸-

404 777 485 844 erte
499 773 536 844 et
559 767 598 842 in
619 768 808 867 eligendis
827 771 954 846 verbis
977 771 1179 870 diligentia
1198 771 1378 862 distincti,
1401 771 1456 845 nil
1484 765 1558 844 nisi

406 897 592 998 frigidum
615 897 798 997 quiddam
818 907 855 974 et
887 924 1081 998 exsangue
1105 900 1207 999 quod
1230 899 1388 974 taedium
1410 899 1555 987 alterat,

406 1023 625 1100 effecerunt.
908 1111 910 1117 ¹

455 1150 563 1237 Quod
582 1150 635 1224 eis
653 1176 729 1224 non
746 1151 819 1225 nisi
834 1152 985 1251 proprio
1001 1151 1170 1227 materiae
1188 1150 1280 1225 vitio
1295 1149 1449 1224 accidit:
1463 1148 1558 1247 quid

407 1277 495 1353 novi
518 1275 633 1368 enim,
651 1277 744 1378 quid
770 1279 958 1352 commodi
973 1303 1019 1353 ex
1035 1303 1171 1353 eorum
1195 1276 1432 1352 carminibus
1457 1301 1559 1349 nuno

409 1403 644 1502 excipimus?
665 1405 766 1492 Quos
785 1405 957 1478 versibus
973 1406 1153 1478 evolvunt
1165 1404 1293 1492 fastos
1316 1404 1424 1478 bosa
1443 1427 1559 1501 puero

409 1529 448 1602 in
464 1535 590 1603 mente
611 1530 810 1620 habemuS,
833 1532 902 1603 hos
917 1555 965 1604 ex
988 1523 1288 1628 Evangeliorum
1312 1526 1560 1625 scriptoribus

408 1653 518 1752 quasi
533 1678 580 1728 ex
599 1654 680 1752 ipsa
696 1653 865 1728 veritatis
884 1680 987 1745 voce,
1005 1653 1236 1752 accepimus,
1260 1658 1296 1727 et
1312 1652 1470 1727 loannis
1496 1660 1561 1726 aut

411 1778 526 1854 Marci
553 1778 817 1878 sociorumque
853 1779 1014 1879 simplex
1048 1779 1206 1879 quidem
1243 1786 1278 1853 et
1310 1778 1472 1866 nudum,
1496 1779 1560 1851 sed

408 1901 550 1976 elatum
581 1903 729 1978 dicendi
761 1930 898 2003 genus,
926 1930 1034 1981 venre
1059 1911 1257 2004 poetarum
1278 1901 1479 1995 facundiae,
1496 1901 1561 2000 qui

410 2027 504 2102 tanti
524 2028 707 2103 momenti
733 2054 793 2104 res
809 2030 962 2128 propria
991 2053 1191 2129 nugarum
1216 2029 1354 2128 lingua
1371 2029 1555 2127 pandunt,

410 2155 527 2252 longe
542 2155 821 2253 anteponimus.
834 2157 871 2230 Si
882 2158 1029 2245 saltem,
1040 2162 1085 2230 ut
1102 2157 1204 2256 apud
1218 2154 1445 2230 recentiores
1460 2155 1562 2228 haud

335 2337 338 2344 ,
410 2278 600 2377 ignobiles
628 2287 759 2379 poetae,
792 2280 975 2379 pusillum
1006 2281 1053 2354 de
1075 2288 1180 2356 recta
1199 2280 1480 2378 scripturarum
1502 2278 1563 2352 via

410 2405 651 2478 deflectentes
678 2412 715 2480 et
730 2406 847 2480 sacris
877 2431 953 2480 non
972 2406 1221 2481 inservientes
1241 2405 1361 2496 libris,
1388 2405 1562 2480 nonnihil

410 2529 568 2627 ingenio
594 2556 662 2604 suo
686 2530 945 2630 indulgerent,
975 2532 1006 2605 si
1033 2533 1126 2632 quid
1152 2532 1346 2607 interdum
1362 2532 1563 2631 voluptatis

409 2657 524 2729 causa
540 2655 617 2729 ficti
635 2657 879 2748 adducerent,
893 2659 1147 2757 lectoremque
1158 2658 1283 2757 operis
1298 2657 1557 2745 varietatibus,

409 2781 533 2855 colore
553 2783 843 2874 sententiarum,
861 2783 983 2858 nitore
998 2791 1035 2859 et
1046 2784 1150 2859 cultu
1161 2783 1460 2882 descriptionum
1475 2807 1562 2882 cap-

410 2913 551 2984 tarent!
573 2910 620 2983 At
641 2911 749 3009 quasi
766 2911 1049 3010 Scripturarum
1074 2938 1095 2987 e
1122 2913 1248 2988 verbis
1267 2913 1488 3011 pendentes,
1511 2911 1564 2985 nil

410 3035 513 3109 aliud
532 3035 639 3134 pensi
653 3037 797 3111 habent
813 3035 886 3110 nisi
906 3062 954 3111 ne
969 3037 1061 3137 quid
1076 3037 1115 3111 in
1130 3038 1248 3114 sacris
1262 3038 1485 3114 immutetur
1501 3038 1563 3112 lit-

411 3160 514 3249 teriS,
531 3184 731 3260 nunquam
768 3163 901 3238 flentes
930 3160 1015 3263 ipsi,
1039 3189 1237 3262 nunquam
1258 3164 1476 3254 irascentes,
1496 3190 1565 3238 nos

411 3287 459 3360 ad
499 3287 685 3385 lacrymas
724 3297 790 3363 aut
827 3290 875 3363 ud
909 3313 1059 3388 mquam
1095 3290 1193 3365 iram
1235 3290 1487 3388 compellunt,
1529 3295 1565 3364 et

413 3411 552 3486 Christi
570 3411 702 3503 vitam,
721 3414 882 3502 doloreS,
909 3421 1097 3489 tormenta
1128 3422 1164 3488 et
1193 3439 1326 3489 necem
1350 3413 1498 3512 placido
1526 3419 1563 3488 et

412 3539 513 3614 lento
532 3539 701 3614 carmine
728 3546 898 3615 narrant.
1489 3633 1492 3639 Ι

461 3663 522 3738 Nil
542 3664 684 3739 mirum
703 3693 710 3742 :
727 3666 838 3766 cujus
855 3668 958 3741 enim
974 3667 1091 3742 vitam
1107 3674 1302 3767 exponunt
1316 3668 1425 3742 lesus
1440 3667 1566 3740 Chris-

415 3795 475 3862 tus
506 3787 581 3881 ille,
615 3789 790 3888 quamvis
811 3790 992 3890 patientia
1027 3790 1214 3880 sublimis,
1247 3790 1507 3865 misericordia
1530 3798 1566 3864 et

413 3913 654 4014 benignitate
684 3916 797 4013 plane
832 3915 1020 4005 amabilis,
1054 3914 1161 3988 suavi
1180 3917 1347 4015 quadam
1369 3923 1405 3990 et
1425 3915 1566 3991 invicta

414 4039 533 4114 animi
549 4039 770 4114 fortitudine
794 4046 992 4138 prestans,
1015 4039 1191 4139 quamvis
1209 4040 1367 4138 ingenio
1390 4039 1566 4138 princeps

414 4172 451 4239 et
476 4166 580 4261 mira
612 4165 779 4266 insignis
798 4166 1014 4264 prudentia,
1036 4165 1212 4265 quamvis
1235 4190 1257 4239 a
1284 4166 1304 4240 J
1309 4165 1442 4240 udaica
1461 4166 1565 4238 omni

416 4300 531 4390 gente
555 4318 771 4393 oppressus
786 4316 1013 4392 summaque
1027 4294 1220 4369 conlectus
1243 4291 1397 4392 injuria,
1415 4315 1566 4366 summa

414 4442 548 4492 rursus
563 4418 669 4493 clade
688 4417 890 4493 ludoicum
907 4420 1088 4517 populum
1109 4417 1292 4507 afficiens,
1310 4417 1374 4491 vix
1395 4443 1464 4491 nos
1486 4424 1566 4491 tan-

415 4543 461 4616 tis
480 4544 595 4617 rebus
611 4543 775 4644 impares
788 4569 1026 4619 commovere
1041 4550 1179 4643 potest:
1191 4550 1295 4619 tanta
1309 4543 1412 4618 enim
1427 4541 1566 4616 virtute

413 4676 449 4744 et
460 4671 672 4745 constantia
686 4695 836 4769 semper
844 4677 945 4768 petet
959 4671 1073 4761 Deus
1085 4678 1127 4745 ut
1141 4653 1253 4746 sensu
1265 4670 1405 4746 doloris
1416 4693 1563 4755 carenS,
