3592 5668
886 633 1064 698 ..74-

401 768 586 844 memoria
610 795 766 869 prorsus
804 772 964 872 dignas,
1000 771 1064 844 vix
1100 778 1137 845 et
1170 770 1344 869 maligno
1379 797 1555 846 sermone

401 894 588 986 indicanS,
617 898 739 972 celare
767 899 892 997 potius
923 922 1041 998 quam
1078 921 1235 970 narrare
1261 896 1422 971 videtur.
1455 898 1553 983 Quin
1606 943 1610 949 «

402 1019 529 1110 etiam,
559 1020 652 1120 quid
677 1022 718 1096 in
742 1029 868 1098 mente
893 1024 1032 1099 habeat
1054 1023 1196 1096 frustra
1216 1045 1315 1119 saepe
1341 1021 1554 1120 intelligere

403 1169 601 1238 conamur,
620 1149 785 1225 etnimia
799 1150 838 1224 in
853 1150 1014 1225 dicendo
1029 1147 1215 1224 brevitate
1225 1147 1455 1221 deludimur.

451 1272 498 1345 At
521 1273 624 1370 quod
657 1275 825 1370 peccavit
844 1276 1048 1363 DamasuS,
1078 1274 1117 1347 id
1137 1273 1316 1372 equidem
1350 1298 1426 1346 non
1452 1272 1555 1346 infir-

404 1394 457 1468 mi
486 1395 647 1494 ingenii‚
678 1423 755 1472 non
780 1398 952 1488 inscitia,
982 1399 1049 1472 sed
1069 1397 1181 1497 quasi
1211 1422 1341 1470 rerum
1365 1397 1555 1496 angustiae

404 1527 442 1594 et
476 1521 695 1596 tabularum
733 1523 873 1622 quibus
912 1525 1090 1598 utebatur
1118 1521 1331 1621 iniquitatis
1362 1547 1478 1596 causa
1502 1522 1554 1595 illi

404 1645 552 1721 accidit.
571 1647 750 1746 Longum
769 1649 874 1724 enim
885 1651 932 1723 de
949 1649 1057 1724 varia
1072 1656 1288 1747 martyrum
1305 1649 1458 1723 fortuna
1472 1674 1555 1722 oar-

405 1795 494 1844 men
512 1770 705 1864 inchoare,
729 1781 963 1873 cruentaque
981 1799 1115 1848 eorum
1134 1773 1349 1849 certamina
1366 1773 1553 1872 plurimis,

405 1905 448 1973 ut
467 1898 618 1974 vatibus
638 1902 743 1993 solet,
772 1902 945 1976 versibus
965 1927 1138 1992 narrare,
1169 1901 1209 1974 in
1238 1901 1367 1975 animo
1399 1901 1556 1974 minime

404 2023 592 2100 Damasus
618 2025 773 2115 habuit;
797 2035 836 2104 at
850 2034 1002 2103 tantum
1013 2027 1134 2101 voluit
1155 2026 1195 2100 in
1210 2052 1343 2100 eorum
1360 2025 1555 2125 sepulcriS,

405 2148 585 2246 opiticum
599 2152 704 2225 omni
718 2152 824 2227 cultu
839 2153 1031 2228 exornatis
1050 2159 1086 2226 et
1104 2160 1197 2240 arte,
1213 2178 1353 2250 paucos
1364 2152 1427 2250 pia
1440 2175 1557 2226 manu

404 2299 537 2350 versus
550 2274 764 2376 insculpere
778 2277 918 2377 quibus
932 2278 1151 2352 christianis
1167 2277 1332 2352 breviter
1352 2279 1557 2351 admodum

405 2401 600 2499 patefieret
608 2402 694 2500 quis
709 2404 781 2477 sub
797 2405 869 2478 hoc
879 2402 1016 2501 lapide,
1026 2391 1241 2501 quibusque
1252 2402 1418 2501 insignis
1429 2403 1554 2489 robae,

400 2523 558 2622 jaceret.
589 2525 681 2600 Inde
709 2527 915 2626 objurgata
945 2527 1105 2609 Damaso
1129 2525 1220 2599 vitia
1228 2553 1237 2614 ;
1264 2525 1366 2614 inde,
1389 2525 1558 2624 lapidum

406 2658 558 2725 coactus
595 2651 817 2750 exiguitate,
851 2677 937 2751 quae
976 2650 1166 2726 sacundiae
1195 2658 1232 2724 et
1258 2650 1416 2749 ingenio
1450 2650 1557 2748 quasi

406 2776 514 2852 frena
540 2776 771 2876 imponebat,
789 2779 952 2876 longam
972 2777 1253 2875 proecipuarum
1273 2801 1403 2851 rerum
1423 2776 1557 2850 seriem

406 2901 605 3000 perpaucis
631 2902 867 2978 carminibus
884 2904 1068 2976 obscurus
1092 2909 1128 2976 et
1151 2901 1260 2975 exilis
1274 2902 1447 2992 cohihet3
1472 2900 1558 2973 inde

406 3053 511 3126 agre
539 3053 611 3102 sua
639 3028 814 3104 carmina
845 3027 1014 3117 molitur,
1049 3029 1152 3127 quod
1184 3027 1304 3101 nimia
1333 3026 1429 3101 raris
1448 3025 1561 3100 versi-

405 3152 477 3224 bus
491 3151 705 3250 exprimere
714 3159 847 3243 tentat,
867 3159 918 3244 et,
931 3177 1052 3251 quum
1069 3152 1238 3250 primum
1253 3151 1422 3249 lepidum
1438 3151 1559 3249 quod-

406 3279 495 3352 dam
529 3285 567 3352 et
601 3273 756 3375 insigne
781 3277 957 3366 obtinuit,
987 3279 1059 3351 hoc
1082 3285 1211 3375 postea
1232 3301 1330 3374 saepe
1356 3276 1487 3354 utitur,
1524 3282 1560 3347 et

407 3402 631 3477 difficillime
659 3403 836 3478 abstinet.

456 3527 492 3600 Si
506 3553 610 3602 nunc
634 3526 835 3612 miraberis
848 3529 951 3627 quod
980 3528 1165 3602 Damasus
1184 3526 1237 3611 sic
1262 3525 1474 3623 insculpere
1498 3532 1560 3597 tu-

407 3652 531 3725 mulos
551 3651 641 3727 satis
655 3653 789 3726 babuit
806 3658 843 3726 et
857 3677 1040 3728 exornare
1060 3651 1246 3741 versibuS,
1265 3650 1557 3750 quibustamen‚

408 3777 440 3850 si
462 3775 621 3875 ingenio
640 3801 709 3850 suo
728 3777 837 3876 quasi
854 3778 939 3853 vela
966 3776 1171 3874 pandisset,
1198 3776 1365 3875 insignis
1384 3775 1561 3849 evasisset

408 3902 507 3976 inter
534 3900 761 3984 christianos
781 3908 899 3990 vateS,
925 3903 997 3975 hoo
1022 3901 1191 4000 primum
1215 3900 1431 3989 fatebimur,
1456 3899 1504 3973 ad
1522 3898 1565 3972 id

408 4025 598 4102 scribendi
619 4051 744 4125 genus
766 4027 973 4107 Damasum
993 4051 1033 4100 se
1049 4026 1195 4125 judicio
1217 4025 1372 4124 quidem
1390 4033 1429 4098 et
1451 4025 1560 4098 intel-

410 4152 509 4227 lectu
535 4149 1011 4231 transtulisseconscium.
1037 4151 1177 4227 Versus
1191 4149 1291 4224 enim
1320 4149 1481 4248 egregie
1506 4148 1562 4222 fa-

409 4276 543 4367 ciebat,
560 4284 609 4367 et,
626 4284 669 4351 ut
681 4275 787 4375 prius
801 4275 982 4366 diximus,
999 4275 1204 4349 mulierum
1222 4299 1307 4372 quae
1328 4273 1561 4372 virginitatis

409 4405 595 4479 honorem
628 4401 898 4478 intemeratum
929 4403 1133 4477 servabant
1167 4401 1299 4474 laudes
1326 4396 1557 4498 praedicavit,

409 4553 613 4627 sacrasque
624 4527 848 4626 Scripturas
869 4553 945 4627 quo
960 4526 1123 4600 ‘facilius
1140 4551 1164 4600 a
1185 4525 1304 4624 vulgo
1319 4524 1556 4610 audirentur,

401 4645 553 4753 ‘poetico
568 4653 693 4752 lepore
713 4659 750 4727 et
767 4676 948 4726 versuum
963 4650 1149 4726 illecebris
1172 4649 1315 4738 induit3
1336 4675 1413 4749 quo
1432 4649 1559 4722 labore
