3592 5668
721 616 899 680 ..11-

233 779 292 831 res
306 781 330 830 a
343 755 577 854 martyribus
603 753 722 829 dictas
750 761 953 854 gestasque
977 754 1183 854 diligenter
1219 756 1389 834 conseri*

234 881 369 972 heret¹,
393 887 430 954 et
448 903 537 953 mcx
552 879 725 955 lectoris²
754 881 922 980 gradum
936 881 1038 979 apud
1053 880 1173 955 sancti
1194 882 1388 956 Laurentii

236 1005 435 1081 ecclesiam
451 1005 626 1080 obtinuit.
640 1005 732 1093 Quae
746 1013 876 1082 autem
891 1005 1050 1081 ecelesia
1063 1031 1141 1081 non
1161 1007 1294 1081 eadem
1308 1016 1390 1083 erat

232 1156 350 1231 quam
363 1140 493 1230 postea
506 1129 616 1206 divus
631 1131 901 1207 Constantinus
928 1131 968 1206 in
987 1158 1084 1232 agro
1103 1133 1265 1223 Verane,
1284 1135 1389 1208 haud

231 1259 350 1356 longe
365 1282 388 1332 a
408 1256 541 1355 Magni
556 1257 719 1350 theatro,
735 1257 904 1334 condidit
912 1257 935 1346 ³,
964 1265 1003 1332 at
1027 1258 1220 1333 modicum
1235 1257 1390 1356 quidem

233 1389 270 1458 et
304 1382 448 1457 humile
473 1382 677 1457 delubrum
700 1408 816 1482 supra
833 1382 954 1458 sancti
978 1383 1172 1458 Laurentii
1203 1392 1388 1483 cryptam,

238 1508 342 1584 haud
355 1507 486 1606 paucis
500 1507 549 1582 ab
563 1507 710 1600 annis⁴,
728 1508 972 1584 aedificatum.

284 1634 340 1709 Ibi
370 1633 523 1709 Damasi
538 1641 657 1732 pater,
680 1660 802 1733 quum
828 1635 979 1711 lectoris
1004 1660 1148 1711 munus
1167 1634 1390 1735 aliquandiu

234 1760 478 1860 implevisset,
495 1762 663 1852 tandem,
687 1787 807 1837 uxore
836 1762 1028 1854 defuncta,
1055 1761 1237 1837 diaconus
1264 1771 1301 1838 et
1326 1787 1393 1838 sa-

234 1887 366 1962 cerdos
387 1884 536 1960 evasit⁵.
554 1886 668 1962 Juxta
681 1912 797 1986 quem
817 1888 1039 1962 Damasusa
1054 1913 1172 1988 puero
1199 1889 1238 1963 in
1259 1890 1392 1964 eadem

236 2011 357 2087 sancti
377 2011 572 2086 Laurentii
597 2019 729 2111 crypta
759 2010 970 2106 institutus,
988 2020 1208 2113 cryptarum
1229 2015 1393 2091 latebras

234 2136 343 2236 quasi
372 2137 517 2211 natales
544 2136 691 2227 habuit,
713 2143 750 2212 et
765 2136 830 2211 vix
849 2137 1005 2213 tertium
1023 2138 1217 2214 decimum
1245 2164 1392 2215 annum

235 2287 359 2362 agens
373 2261 524 2354 lectoris
542 2263 710 2361 gradum
733 2262 932 2340 obtinuitl.
956 2263 1012 2338 lbi
1040 2264 1088 2339 ab
1108 2264 1210 2340 Urbe
1225 2274 1393 2341 remotus

234 2387 354 2463 vitam
368 2387 536 2486 quietam
551 2386 645 2485 egit,
663 2394 712 2476 et,
724 2387 851 2487 quiete
865 2389 1024 2464 feliciter
1040 2414 1145 2479 usuS,
1161 2413 1251 2464 mox
1264 2416 1393 2470 roma.-

237 2538 306 2588 nos
318 2512 418 2588 inter
437 2511 594 2588 clericos
614 2512 801 2588 emicuit⁷.
825 2513 976 2588 Litteris
998 2514 1102 2589 enim
1127 2516 1284 2608 studuit,
1309 2543 1391 2593 eas·

241 2663 316 2738 que
330 2663 421 2729 non,
443 2645 486 2713 ut
497 2637 706 2736 saepissime
724 2639 780 2730 fit,
804 2640 984 2714 odoratus
1008 2645 1172 2732 tantum,
1191 2642 1257 2717 sed
1279 2644 1392 2740 plane

160 2759 163 2766 ⁴
239 2771 521 2865 perscrutatuS,
558 2770 704 2841 tantam
738 2763 811 2839 sibi
850 2764 959 2839 latini
998 2766 1185 2842 sermonis
1214 2767 1391 2866 peritiam

235 2898 349 2989 atque
364 2889 600 2989 elegantiam
612 2889 859 2989 comparavit,
873 2899 916 2967 ut
930 2891 1029 2967 inter
1049 2894 1214 2991 aequales
1232 2895 1393 2995 scripto-

235 3039 296 3090 res
313 3017 430 3115 longe
449 3013 696 3114 praestiterit⁸.
731 3016 862 3115 Neque
889 3017 929 3091 in
949 3018 1184 3093 secularibus
1198 3021 1336 3113 solum,
1355 3030 1394 3095 at

236 3140 276 3216 in
295 3139 435 3216 divinis
456 3140 571 3215 etiam
592 3139 727 3216 litteris
744 3141 893 3231 enituit,
915 3150 952 3217 et
968 3144 1017 3218 ad
1036 3142 1320 3242 Scripturarum
1333 3145 1393 3219 in-

235 3265 510 3366 telligentiam⁹
524 3265 698 3341 animum
714 3291 829 3341 suum
844 3266 995 3366 adjecit.
1014 3266 1143 3343 Otium
1158 3294 1272 3344 suum
1287 3271 1327 3344 in
1337 3271 1394 3345 vi-

237 3392 365 3467 sendis
383 3392 553 3492 quotidie
576 3393 717 3493 cryptis
733 3395 994 3485 consumebat,
1011 3387 1145 3469 earum
1164 3397 1267 3471 enim
1284 3399 1394 3472 valde

272 3740 295 3786 t.
314 3731 447 3787 enarrasti
456 3730 595 3799 Bibliottn,
614 3737 672 3788 Vttc
685 3737 774 3788 sancti
787 3733 966 3802 denuntias
984 3743 1017 3803 ⁵3
1031 3739 1091 3791 Vita
1107 3741 1196 3792 sancti
1206 3739 1357 3806 Fortunas
1372 3748 1386 3790 5

269 3826 294 3871 a.
313 3817 404 3890 Sancti
414 3817 522 3872 Damasi
530 3833 640 3873 carmen
651 3821 733 3873 XXV.

271 3913 295 3957 a.
314 3903 447 3958 AnmtasH
458 3902 659 3957 Bibliothecarii
677 3908 737 3960 Vtta
748 3911 838 3960 sancti
850 3909 1001 3974 sylvestria.

270 3994 294 4042 t.
311 3988 402 4041 Sancti
419 3988 511 4058 Optati
522 3987 668 4045 Milaritani
687 3990 720 4042 dc
733 3992 846 4046 setiam.
868 3997 979 4060 norat,
996 3990 1043 4046 lib.
1061 3995 1092 4047 H.
1120 4023 1153 4034 -
1168 3994 1276 4049 Eusebii
1291 4000 1385 4049 IItstor

237 4073 319 4134 Bact,
334 4074 402 4140 vm,
416 4088 448 4138 ιι,
462 4085 520 4128 xrv.

271 4167 296 4215 5.
314 4157 405 4213 Sancti
418 4159 525 4214 Damasi
538 4175 647 4214 carmen
660 4165 715 4214 IIII
719 4167 746 4216 V.

272 4255 298 4386 i.
315 4246 408 4384 iiico
420 4328 576 4400 Hieronymi
587 4335 672 4399 aput.
689 4335 808 4386 XLVIII
813 4369 820 4396 ,
834 4333 850 4401 S
865 4342 906 4398 18,
919 4331 953 4387 ad
971 4332 1176 4390 Pammachium
1194 4336 1315 4400 (Patrai.
1334 4337 1396 4399 lut..

239 4420 251 4469 t
272 4416 404 4556 {xiidieti
423 4500 578 4572 Hieronymi
590 4506 676 4571 Epist.
684 4505 778 4570 XXII,
794 4502 866 4572 522,
879 4501 914 4557 ad
927 4472 1119 4571 Eustochium
1135 4505 1168 4559 de
1187 4508 1256 4560 Virta
1280 4505 1395 4572 musta,

240 4599 297 4655 rap.
309 4598 352 4639 ur.

274 4681 298 4725 e.
316 4671 406 4726 Sancti
419 4671 575 4742 Hieronymi
589 4676 675 4741 ΒΜ.
690 4676 815 4739 XLVIII,
830 4673 847 4740 5
861 4678 901 4735 ta,
917 4672 951 4728 ad
965 4673 1117 4730 sammua.
