3592 5668
730 641 905 704 ...41-

241 791 301 858 tea
339 778 584 868 christianus
620 779 763 854 Christi
788 803 928 854 nomen
961 797 1038 877 per*
1053 782 1175 852 totum
1206 776 1401 852 Orientem

242 905 407 982 diffudit.
432 904 530 979 Huic
551 904 706 1004 quidem
724 929 875 1004 semper
889 904 1091 979 indulsere
1108 901 1319 993 christiani,
1342 911 1401 977 ut-

242 1039 327 1130 pote
361 1029 447 1128 qui,
482 1029 658 1103 laborum
692 1028 900 1120 varietate,
923 1026 1043 1102 animi
1066 1027 1304 1117 fortitudine,
1342 1027 1401 1102 in-

244 1155 350 1256 genii
366 1155 512 1230 viribus
523 1139 565 1230 et
574 1155 790 1255 eloquentia
800 1154 1171 1253 conspicuusmulta
1178 1179 1247 1253 pro
1254 1152 1400 1227 Christo

242 1283 290 1359 sit
308 1306 522 1381 perpessus
551 1281 763 1380 Cujusnam
789 1280 1033 1356 mirationem
1059 1305 1136 1354 non
1163 1280 1402 1354 moveretvir

225 1387 304 1480 'ille
336 1403 425 1505 qui,
463 1403 682 1479 christianis
708 1405 902 1494 infensus,
938 1405 1038 1478 inter
1069 1429 1133 1478 eos
1164 1403 1198 1476 vi
1236 1404 1401 1502 quadam

242 1529 373 1604 divina
392 1528 625 1619 immittitur,
650 1541 686 1604 et
715 1528 891 1629 quamvis
921 1529 1021 1604 inter
1038 1529 1233 1627 Apostolos
1265 1554 1397 1619 novae,

243 1657 317 1729 fide
347 1663 489 1748 tamen,
531 1654 670 1730 virtute
691 1662 729 1730 et
754 1655 946 1730 alacritate
970 1654 1185 1754 precipuus
1215 1658 1402 1754 extemplo

245 1779 399 1855 evadit?
428 1781 690 1855 Romanorum
714 1780 824 1881 quasi
859 1780 1030 1871 ultimae,
1069 1788 1283 1882 stupentem
1316 1788 1403 1857 ante

245 1907 449 2006 praesulem
479 1906 619 1981 clamat
633 1932 672 1980 se
692 1932 773 1981 esse
794 1907 917 1982 civem
937 1907 1167 1997 Romanum,
1188 1913 1224 1980 et
1240 1907 1310 1982 sibi
1331 1909 1403 1982 hoe

246 2034 371 2110 nobile
396 2042 433 2110 et
452 2034 598 2109 illustre
622 2061 763 2110 nomen
783 2034 964 2124 vindieat,
987 2034 1089 2132 quod
1116 2033 1270 2124 abhinc,
1297 2059 1403 2109 com-

246 2159 355 2234 muni
375 2160 632 2236 imbecillitate
647 2167 684 2236 et
696 2159 954 2260 ignavia,situ
970 2158 1079 2258 quasi
1102 2158 1266 2234 obsitum
1285 2159 1404 2233 exole-

247 2286 322 2375 vit;
345 2287 514 2361 furentes
540 2285 604 2360 vix
636 2287 818 2385 Ephesios
851 2286 951 2361 cives
978 2284 1138 2384 effugit3
1172 2286 1274 2382 apud
1291 2287 1406 2359 Athe-

245 2413 410 2503 nienses
423 2414 527 2486 hune
540 2411 861 2511 augustissimum
873 2411 1231 2511 etantiquissimnm
1247 2416 1401 2501 coetum,

246 2537 338 2612 olim
355 2564 379 2613 a
398 2538 470 2613 diis
490 2537 595 2636 ipsiS,
615 2546 658 2614 ut
674 2538 777 2613 sama
794 2545 889 2628 erat,
905 2538 1136 2626 institutum,
1161 2539 1405 2636 Areopagum

246 2664 343 2756 dice,
366 2664 446 2740 adit
470 2671 507 2738 et
532 2664 735 2763 prudentia
757 2670 930 2763 superat;
950 2663 1114 2764 denique
1136 2671 1339 2764 postquam
1363 2662 1402 2736 in

248 2791 366 2880 Urbe,
400 2789 493 2891 quin
521 2790 635 2865 etiam
662 2791 701 2864 in
730 2792 811 2891 ipsa
835 2790 993 2866 Caesaris
1007 2792 1121 2864 domo
1147 2790 1305 2865 feliciter
1327 2816 1405 2864 non

249 2916 380 3016 paucis
402 2941 490 2991 vera
516 2917 603 2991 fidei
635 2925 822 3016 praecepta
852 2917 1020 3008 tradidit,
1050 2916 1192 3016 gladio,
1225 2925 1266 2991 ut
1284 2916 1406 2991 civem

248 3044 465 3117 Romanum
494 3043 613 3134 decet,
630 3043 791 3142 jubente
820 3045 982 3133 Nerone,
1016 3043 1156 3117 interit.
1201 3042 1313 3116 lllum
1336 3044 1407 3116 Da-

249 3193 391 3260 masus,
421 3168 664 3268 paucioribus
690 3169 847 3268 quidem
872 3163 1109 3268 carminibus
1137 3154 1338 3259 laudavit¹,
1370 3177 1434 3243 at·

284 3528 306 3578 t.
326 3525 415 3579 Sancti
427 3524 534 3579 Damasi
544 3527 577 3578 de
590 3515 687 3578 Sancto
700 3526 786 3578 Paulo
798 3526 927 3592 apostolo,
937 3539 1047 3578 carmen
1064 3529 1122 3578 VH.

416 3635 428 3657 ι
446 3611 548 3666 Mutato
558 3609 661 3680 placuit
673 3613 817 3679 postquam
828 3608 861 3662 de
875 3609 983 3663 nomine
995 3609 1104 3670 Paulus,

423 3718 434 3741 ιι
455 3695 520 3747 ttira
534 3693 600 3748 fides
612 3709 712 3758 rerum,
728 3694 818 3748 subito
830 3698 904 3747 trans
915 3693 1013 3747 athera
1022 3693 1081 3746 coeli

415 3805 426 3827 «
446 3782 557 3835 Noscere
572 3781 720 3851 promeruit
733 3784 840 3851 possent
850 3780 916 3849 quid
929 3780 1039 3850 premia
1052 3781 1122 3833 vite.
1153 3813 1155 3817 ,

415 3890 426 3912 ιι
447 3866 604 3920 Conscendit
615 3870 708 3935 raptus
721 3871 828 3935 martyr
840 3865 989 3935 penetralia
1002 3865 1111 3931 Christi,

416 3974 427 3996 ιι
448 3951 534 4004 Tertia
551 3950 599 4004 lux
614 3951 673 4004 coeli
687 3951 776 4004 tenuit
788 3950 930 4003 Paradisus
943 3955 1060 4010 euntem,

416 4057 428 4080 «
448 4034 595 4104 Colloquiis
607 4034 716 4088 Domini
734 4035 847 4097 fruitur,
862 4037 963 4087 secreta
979 4039 1105 4086 reservat.

419 4142 431 4165 ιι
454 4119 583 4173 Gentibus
596 4119 627 4172 aa
637 4118 745 4189 populis
760 4120 852 4188 jussus
866 4117 1006 4188 praedicere
1017 4133 1090 4182 vera,

418 4225 430 4248 ιι
450 4203 616 4256 Profundum
629 4207 765 4273 penetrare
775 4203 870 4269 maris,
883 4209 1042 4272 noctemque
1056 4203 1180 4273 diemque

422 4313 434 4338 ιι
452 4289 550 4356 Visere,
565 4290 610 4343 cui
625 4305 756 4358 magnum
770 4291 835 4343 satis
851 4293 891 4343 est
904 4289 1002 4343 vixisse
1019 4289 1157 4352 latentem,

420 4395 432 4419 ιι
451 4372 573 4434 Verbera,
587 4373 687 4441 vincla,
699 4373 808 4436 tamem,
821 4372 931 4441 lapides,
942 4372 1097 4442 rabiemque
1106 4373 1232 4434 terarum,

422 4481 434 4504 ι
453 4458 570 4512 Carceris
581 4459 716 4523 illuviem,
726 4459 825 4528 virgas,
839 4462 981 4524 tormenta,
993 4463 1108 4525 catenas,

423 4565 434 4588 ιι
454 4542 639 4612 Naufragium,
653 4541 796 4613 lacrymas,
806 4543 935 4612 serpentis
944 4541 1004 4595 dira
1018 4557 1127 4604 venene,

421 4649 433 4672 «
454 4626 586 4694 Stigmata
595 4641 649 4680 non
662 4627 756 4680 timuit
764 4632 871 4697 portare
879 4626 908 4680 in
918 4641 1027 4695 corpore
1038 4626 1143 4680 Christi.

421 4734 434 4758 ιι
454 4711 594 4765 Credentes
606 4712 700 4766 docuit
712 4717 823 4783 possunt
835 4728 890 4781 quo
900 4713 1004 4766 vincere
1016 4717 1139 4767 mortem.
1152 4734 1165 4759 ιι
