3592 5668
728 628 905 695 ..17-

244 763 476 842 existimaret
492 771 617 865 palam
640 777 681 844 ut
698 773 950 868 profiteretur,
969 773 1165 861 Damasus,
1178 769 1392 845 convocatis

243 887 283 961 in
302 889 449 996 &Urbem
474 893 591 968 Gallis
610 903 646 970 et
661 895 839 995 Hispanis
868 897 1045 996 Italisque
1059 895 1254 997 episcopis,
1275 895 1392 996 impia

242 1015 473 1093 Arianorum
489 1021 676 1120 dogmata
700 1030 828 1122 aperte
843 1023 1087 1124 reprobavit¹.

293 1143 394 1216 Bello
413 1143 562 1220 Arianis
577 1147 630 1222 sic
650 1149 891 1239 denunciato,
921 1149 1210 1226 Macedonianos
1228 1173 1394 1248 aggres-

244 1292 308 1342 sus
322 1277 390 1359 est,
409 1277 445 1344 et
460 1271 569 1346 illum
587 1273 652 1371 qui
677 1277 779 1374 apud
800 1301 863 1350 eos
884 1275 1098 1375 praecipuus
1126 1275 1338 1350 habebatur
1358 1281 1396 1350 et

243 1390 351 1489 quasi
391 1393 489 1484 dun,
528 1396 761 1472 Auxentium
795 1399 1114 1474 Mediolanensem
1151 1398 1390 1498 episcopum,

243 1516 439 1608 Damasus,
456 1521 595 1596 coactis
614 1521 653 1595 in
676 1523 815 1598 Urbem
830 1525 952 1600 tribus
966 1532 1003 1600 et
1015 1523 1228 1624 nonaginta
1249 1523 1394 1623 episco-

241 1641 312 1741 pis,
336 1643 564 1721 damnavit².
586 1693 631 1706 -
644 1649 719 1724 Nec
734 1649 844 1725 aliter
856 1651 1143 1750 Apollinaristas
1160 1651 1306 1742 habuit,
1322 1656 1397 1725 ter-

244 1759 371 1864 tiaque
408 1768 564 1843 collecta
593 1772 756 1869 synodo,
793 1797 925 1848 omnes
961 1773 1027 1874 qui
1060 1774 1132 1848 hoc
1162 1797 1289 1847 errore
1315 1772 1398 1846 fue·

243 1898 330 1966 rant
358 1893 525 1993 decepti,
560 1896 608 1971 ab
643 1897 801 1972 ecclesia
828 1906 865 1972 et
891 1898 990 1974 sedis
1015 1899 1196 1973 Romanae
1222 1896 1397 1974 societate

243 2019 499 2118 segregavit³.
932 2029 934 2036 ’
1213 2041 1215 2048 ’
1394 2115 1398 2127 ⁸

289 2145 416 2220 Tantis
427 2148 541 2221 rebus
556 2147 751 2248 insignem
769 2158 807 2225 et
821 2151 931 2250 quasi
948 2150 1221 2225 catholicarum
1229 2150 1395 2248 partium

241 2270 476 2369 principem⁴
495 2297 597 2364 eum,
621 2275 850 2374 urgentibus
869 2274 1020 2350 Arianis
1029 2275 1053 2366 ⁵,
1072 2283 1129 2350 ter
1146 2275 1186 2349 in
1209 2274 1395 2352 auxilium

241 2397 312 2472 sibi
338 2408 570 2475 vocaverunt
608 2399 819 2476 Orientales
848 2401 1012 2500 episcopi
1022 2401 1047 2474 ⁶.
1085 2402 1264 2476 Ferocem
1293 2400 1396 2475 enim

242 2531 425 2623 ponentes
435 2525 609 2602 animum
628 2535 781 2619 sanctus
802 2527 974 2620 Basilina,
992 2526 1298 2628 optimoquidem
1307 2525 1396 2626 jure

242 2653 365 2731 dictus
382 2656 581 2756 magnust
602 2664 639 2731 et
650 2663 809 2754 uterque
831 2653 1053 2754 Gregorius,
1080 2654 1175 2728 alter
1195 2652 1396 2729 Nazianze-

241 2804 327 2871 nus,
369 2780 464 2854 alter
491 2780 697 2879 Nyssenus,
731 2782 935 2855 Damasum
962 2780 1071 2877 quasi
1098 2780 1396 2854 orthodoxorum

241 2907 378 2981 ducem
390 2913 426 2981 et
434 2905 620 3005 judicem,
637 2915 695 2981 ter
721 2905 855 2981 litteris
870 2912 908 2981 et
920 2905 1064 2981 nuntiis
1079 2912 1120 2979 ut
1136 2904 1207 2979 sihi
1222 2906 1271 2980 ab
1289 2905 1397 2979 Aria-

241 3031 300 3105 nis
315 3057 432 3132 quam
445 3032 611 3107 maxime
628 3031 831 3130 exagitatis
859 3055 969 3130 opem
996 3030 1123 3120 ferret,
1145 3030 1253 3105 valde
1282 3029 1396 3128 flagi-

239 3164 362 3233 tantes
377 3160 642 3258 rogaverunt⁸.

290 3283 382 3359 Dein
397 3286 512 3360 rebus
533 3285 572 3359 in
593 3285 759 3361 Orientis
783 3285 955 3385 partibus
986 3310 1010 3359 a
1023 3283 1232 3360 Theodosio
1251 3284 1393 3382 Magno

239 3410 454 3511 compositis
464 3412 489 3500 ⁹,
525 3437 659 3487 rursus
696 3418 952 3486 tumescentes
979 3408 1148 3484 cohibuit
1184 3406 1394 3484 Orientales

277 3687 298 3734 t.
316 3680 408 3735 Sancti
422 3679 562 3734 Athanasii
576 3681 612 3733 cd
624 3681 753 3732 Honorat.
770 3680 800 3732 ta
813 3681 909 3745 Antea
933 3680 1053 3745 episcop,
1069 3674 1191 3745 Epist.,§
1205 3682 1227 3728 t.
1237 3703 1269 3754 .'
1288 3673 1394 3744 Pagina,

240 3771 418 3832 Breotcrtum,
437 3781 465 3835 p.
479 3772 519 3820 78.
533 3795 567 3804 -
581 3763 722 3828 Batonius,
737 3779 799 3817 anu.
810 3764 892 3832 eoo,§
902 3769 942 3816 aa.

279 3857 303 3903 t.
320 3853 468 3914 sozomen,
479 3852 521 3912 vt,
535 3864 615 3903 xxm.
627 3879 659 3889 -
672 3848 838 3916 Theodorei,
848 3850 880 3911 11,
891 3847 979 3915 x111.“,

281 3944 306 3990 ³.
329 3938 478 3997 Sozomen.,
489 3935 533 4000 VI,
545 3951 610 3989 xxv.
624 3962 657 3978 ·-
669 3935 773 3998 Rufio„
781 3937 814 3998 11,
825 3945 864 3989 ιο.
874 3963 907 3976 ·-
918 3934 1082 3998 theodoret,
1091 3932 1159 3994 vn.

273 4027 298 4075 4.
317 4023 406 4077 Sancti
425 4022 582 4093 Hieronymi
602 4025 684 4090 Eptst.
706 4026 761 4076 XV.
780 4051 810 4061 -
828 4021 932 4077 Lahhaei
956 4021 1067 4086 concil,
1083 4022 1103 4072 t.
1118 4018 1161 4078 111,
1183 4031 1208 4084 p.
1233 4022 1295 4085 2403
1314 4020 1332 4070 t.
1351 4016 1393 4079 tv,

239 4124 264 4178 p.
279 4117 336 4164 raa.

274 4202 298 4249 5.
318 4194 482 4260 theodoret,
496 4196 539 4260 IV,
557 4192 830 4261 xn,xn1,xv1‚xxn,
847 4207 926 4248 xxm.

272 4291 296 4333 6.
313 4279 402 4334 Sancti
416 4279 508 4333 Basilii
516 4285 603 4348 Epist.
618 4283 689 4342 GCV,
699 4284 788 4334 CCXL
800 4282 916 4345 (Patrot.
927 4294 976 4346 cr,
989 4281 1010 4331 t.
1023 4277 1161 4341 LXXXII).

272 4369 295 4416 t.
315 4365 482 4428 theodoret,
493 4367 534 4428 IV,
540 4381 599 4419 xvi.
609 4395 640 4404 ⁷-
655 4367 737 4419 Verba
745 4369 860 4419 Petrum
871 4364 1076 4417 chalcedonens.
1089 4359 1187 4428 synodi
1196 4355 1310 4424 (tabbaei
1326 4361 1393 4410 con·

237 4451 290 4514 cit,
303 4453 324 4502 t.
337 4450 381 4516 lv,
396 4448 446 4504 ool.
461 4452 530 4516 295).

271 4541 295 4588 a.
314 4535 404 4589 saneti
429 4534 520 4588 nauti
538 4539 623 4604 apat.
647 4539 732 4601 ixx,
760 4537 881 4600 nexu,
910 4539 1011 4599 ccxi,
1042 4534 1182 4586 eornm
1200 4531 1318 4596 (patret.
1341 4545 1389 4594 qr,

246 4657 252 4669 .
268 4617 432 4682 xxxnoot.
444 4623 582 4686 tincta).

273 4715 297 4758 a.
316 4706 426 4800 {oetam
440 4706 472 4772 V,
484 4720 533 4770 vn,
544 4721 571 4757 x.
