3592 5668
713 659 890 724 -51..

222 801 328 898 'quod
345 799 504 873 timebat
523 824 571 873 ne
591 799 669 896 ipse
690 824 713 872 a
732 799 840 898 plebe
860 798 1044 886 Romana,
1065 805 1120 872 tot
1144 805 1247 872 mota
1280 799 1381 872 sedi-

225 925 406 1015 tionibuS,
423 925 702 998 deturbaretur.

276 1050 427 1124 Damasi
439 1076 534 1148 ergo
549 1049 588 1122 in
610 1049 846 1125 carminibus
857 1049 1063 1148 aspicimus
1076 1049 1302 1124 christianos
1317 1075 1381 1148 pa-

226 1177 280 1251 cis
291 1175 413 1250 civilis
429 1181 466 1250 et
474 1174 585 1274 quasi
605 1174 821 1249 domesticae
832 1173 1043 1272 disciplina
1063 1174 1187 1273 specie
1203 1201 1226 1250 a
1240 1175 1383 1274 princi-

225 1300 337 1399 pibus
359 1325 570 1399 oppressos.
593 1301 805 1399 Martyrum
827 1301 930 1374 enim
950 1301 1162 1376 constan'tia
1171 1301 1260 1375 victi
1277 1301 1385 1375 irrita

226 1423 439 1497 omiserunt
471 1423 658 1522 supplicia
693 1422 897 1523 principes
920 1432 957 1498 ot
992 1433 1125 1500 contra
1157 1425 1385 1500 christianos

226 1547 454 1623 obstiterunt
473 1548 582 1648 quasi
607 1549 837 1648 religionem
861 1550 1035 1641 minimo,
1052 1576 1185 1650 pacem
1203 1559 1333 1626 autern
1351 1559 1387 1625 et

226 1675 371 1749 bonum
391 1680 533 1749 statum
545 1674 725 1765 maximo,
738 1674 842 1749 cordi
860 1677 1106 1765 haberent,et
1124 1675 1383 1777 illos,quip1·0

227 1799 385 1875 veritate
407 1808 444 1874 et
462 1801 537 1874 fide
556 1801 811 1889 decertabant,
825 1801 935 1899 quasi
954 1801 1160 1876 miscerent
1178 1802 1381 1891 civitatem,

227 1925 510 2024 exagitarunt¹.
536 1925 625 2000 Haeo
659 1951 805 2024 magna
835 1926 1006 2025 quidem,
1031 1929 1079 2001 ab
1099 1927 1277 2002 omnibus
1295 1953 1384 2002 vero

225 2051 383 2143 omissa,
396 2054 506 2126 asolo
520 2051 653 2126 referri
667 2052 828 2126 Damaso
838 2052 1102 2151 perspicimus,
1117 2054 1197 2153 qui,
1209 2054 1383 2153 quamvis

230 2177 465 2276 perbreviter
492 2185 529 2251 et
550 2178 724 2272 obscure,
739 2177 879 2276 optime
907 2184 1034 2252 tamen
1051 2179 1161 2252 nobis
1181 2205 1241 2253 res
1260 2180 1385 2254 adhuc

233 2303 388 2403 ignotas
408 2311 490 2378 tum
510 2304 557 2378 de
577 2302 697 2378 sancti
722 2303 892 2378 Marcelli
912 2311 948 2378 et
967 2304 1127 2384 Eusebii,
1141 2311 1241 2379 sorte
1256 2305 1383 2393 refert,

231 2434 313 2502 tum
333 2429 379 2502 de
400 2436 500 2503 statu
522 2427 821 2503 christianorum
844 2429 883 2502 in
908 2429 1023 2520 Urbe,
1046 2455 1179 2529 quum,
1201 2430 1278 2504 fine
1301 2456 1387 2528 per-

196 2621 198 2626 ,
228 2553 492 2628 secutionibus
534 2555 736 2653 imposito,
779 2556 952 2629 nondum
991 2539 1239 2631 christianam
1269 2555 1385 2629 fidem

227 2682 427 2779 amplexus
449 2680 640 2779 princepS,
667 2680 894 2754 christianos
919 2703 1080 2755 numero
1102 2689 1139 2755 ct
1163 2681 1385 2756 auctoritate

226 2808 411 2905 pollentes
431 2807 666 2896 formidaret,
686 2814 723 2880 et
741 2807 813 2879 sub
828 2806 994 2905 quadam
1014 2805 1224 2905 disciplinae
1242 2814 1278 2881 et
1297 2831 1387 2881 con-

224 2932 363 3007 cordiae
383 2931 507 3031 specie
524 2939 690 3006 vexaret.

708 3335 710 3339 Α
746 3242 859 3337 §m

655 3526 697 3575 DE
723 3526 946 3576 MARTYRIBUS.

274 3737 402 3822 Quum
423 3758 594 3810 summos
610 3735 812 3808 Pontifices
831 3734 1209 3832 laudat,pergratum
1223 3758 1317 3831 opus
1337 3733 1383 3806 iis

226 3887 322 3962 quos
346 3861 573 3936 christianos
593 3860 705 3958 juvat
724 3858 905 3958 colligere
925 3858 1053 3948 fastos
1076 3858 1260 3933 Damasus
1283 3859 1383 3948 facit,

411 4167 424 4192 ι
445 4143 584 4198 Scinditur
596 4144 626 4197 iu
640 4147 728 4213 partes
742 4143 872 4213 populus,
886 4143 1014 4211 gliscente
1028 4143 1126 4203 lurore,

411 4256 424 4279 «ι
445 4232 553 4296 Seditio,
565 4230 658 4294 cades,
671 4229 784 4293 bellum,
797 4229 937 4294 discordia,
949 4230 1019 4284 lites.

418 4340 430 4364 κ
451 4317 590 4385 Extemplo
604 4316 703 4387 pariter
714 4315 787 4392 pulsi
799 4315 903 4369 feritate
911 4315 1031 4386 tyranni,

412 4426 425 4450 ιι
445 4405 549 4470 Integra
560 4417 647 4471 quum
660 4406 745 4455 rector
754 4405 868 4456 servaret
881 4400 978 4454 loedera
991 4400 1072 4470 pacis,

414 4509 427 4534 o
446 4487 560 4542 Pertulit
574 4487 687 4542 exilium
698 4487 815 4540 Domino
830 4485 880 4540 sub
892 4486 982 4555 judice
994 4487 1082 4549 latus,

411 4595 424 4620 α
444 4573 545 4628 Littorc
557 4572 693 4627 Trinacrio
709 4571 844 4626 mundum
856 4570 995 4640 vitamque
1008 4571 1126 4640 reliquit.
1142 4594 1154 4617 υ

836 4656 951 4723 (Potrol.
965 4658 1026 4714 lat,
1038 4660 1057 4708 l.
1072 4657 1141 4720 Xlll,
1156 4654 1206 4708 col.
1222 4662 1271 4709 384
1282 4657 1295 4708 a
1308 4661 1379 4722 386).

262 4755 283 4798 1.
303 4747 339 4798 De
352 4745 719 4812 Rossi,1tomosotterroneo,
737 4748 755 4795 t.
767 4746 798 4805 ll,
815 4759 839 4811 p.
858 4751 914 4796 aut.
