3592 5668
716 673 758 686 ..
782 635 821 703 57
848 673 891 684 ..

227 779 343 855 fuisse
360 776 511 853 Damasi
529 774 765 851 carminibus
775 777 967 851 universis
982 777 1147 867 studere,
1165 801 1284 875 eaque
1299 801 1382 851 om-

228 907 304 996 nia,
323 907 428 980 nullo
439 904 707 1003 praetermisso,
725 905 913 1003 explicare
928 913 965 980 et
978 907 1164 995 evolvere,
1182 911 1383 980 attentum

228 1034 424 1108 ostendere
443 1030 567 1131 qualis
587 1038 697 1128 poeta
720 1030 835 1105 luerit
856 1032 1052 1121 Damasus,
1072 1039 1108 1107 et
1133 1057 1210 1130 quo
1235 1030 1273 1104 in
1302 1032 1384 1105 loco

228 1161 327 1235 inter
341 1157 466 1258 quarti
478 1157 606 1231 saculi
620 1164 724 1231 vates
735 1156 783 1231 sit
797 1156 1099 1232 constituendus.
1113 1157 1221 1244 Quod
1234 1159 1285 1234 ad
1300 1157 1385 1232 effi-

230 1286 422 1372 ciendum,
439 1282 611 1373 minime,
633 1290 674 1357 ut
702 1283 796 1357 mibi
820 1283 978 1382 quidem
993 1283 1119 1358 visum
1143 1291 1212 1373 est,
1233 1307 1386 1358 necesse

231 1409 302 1485 l'uil
329 1434 462 1484 versus
493 1415 650 1483 cunctos
690 1433 824 1483 eruere
855 1416 891 1483 et
919 1416 1109 1498 excutere,
1144 1409 1210 1482 sed
1237 1414 1387 1483 tantum

232 1536 331 1610 inter
354 1542 508 1611 cataros
527 1535 636 1635 quasi
659 1534 846 1633 primores
870 1536 1080 1633 producere
1108 1535 1249 1634 quibus
1280 1533 1387 1609 facile

232 1663 481 1761 dignoscatur
499 1659 592 1759 quid
609 1685 761 1734 summa
777 1661 935 1735 valeret.

282 1786 381 1874 Quin
401 1786 528 1876 etiam,
542 1811 666 1884 nequa
680 1788 753 1860 hoc
773 1785 853 1883 ipso
873 1785 1015 1875 labore,
1029 1783 1225 1883 explicatis
1244 1783 1387 1859 scilicet

233 1912 393 2003 cunctis,
414 1938 500 2012 qua
522 1918 679 2003 exstant,
701 1911 852 1986 Damasi
868 1911 1117 2000 carminibus,
1142 1936 1271 1985 meum
1290 1935 1386 2009 opus

234 2037 492 2130 absolvissem,
510 2062 633 2137 neque
653 2037 700 2111 de
715 2037 905 2112 universis
924 2064 1010 2138 quae
1027 2037 1128 2112 illius
1140 2062 1243 2111 nunc
1256 2063 1388 2136 super-

235 2172 325 2241 sunt
349 2164 584 2240 carminibus
624 2165 739 2238 verba
767 2164 953 2240 fecissem.
985 2165 1100 2239 Plura
1128 2166 1232 2238 enim
1258 2191 1281 2239 a
1307 2164 1388 2237 viro

235 2293 401 2392 quodam
416 2289 546 2389 sagaci
562 2296 598 2364 et
619 2289 766 2365 erudito
784 2316 908 2389 nuper
922 2291 993 2365 sub
1009 2290 1213 2366 ruderibus
1228 2297 1265 2365 et
1277 2315 1389 2388 cryp-

237 2426 363 2495 tarum
389 2417 512 2492 ruinis
527 2415 683 2492 inventa
702 2425 739 2492 ct
756 2425 903 2516 reperta
925 2425 1086 2493 venturo
1115 2443 1204 2492 mox
1226 2416 1266 2492 in
1294 2417 1392 2490 libro

237 2547 411 2622 edentur.
440 2544 710 2641 Sepulcrorum
747 2542 852 2617 enim
880 2543 1098 2665 lapidibus,
1134 2568 1210 2617 non
1251 2541 1393 2617 chartis

239 2671 420 2770 inscripta
454 2668 626 2745 carmina
650 2668 727 2758 illa,
757 2671 869 2768 lapsu'
896 2669 1077 2767 temporis
1103 2677 1169 2744 aut
1191 2667 1393 2742 hominum

239 2797 382 2897 injuria
410 2797 590 2895 pleraque
614 2795 821 2894 perierunt.
855 2795 998 2886 Multa,
1027 2803 1161 2870 ruente
1188 2794 1394 2893 superioris

240 2924 326 3022 agri
345 2923 457 3012 mole,
475 2921 656 3019 dissipata
670 2921 893 2996 exciderunt
902 2950 911 3011 ;
930 2924 1051 2996 multa
1066 2921 1277 2996 Gothorum
1291 2921 1395 2995 Van-

241 3049 492 3147 dalorumque
501 3047 657 3137 Urbem,
674 3046 868 3122 Alaricho¹
883 3047 1067 3146 primum,
1079 3054 1208 3145 postea
1220 3047 1396 3121 Genzeri-

242 3172 337 3248 cho²
365 3174 484 3262 duce,
520 3170 745 3269 urgentium
782 3171 920 3246 inlesta
949 3171 1082 3246 dextra
1107 3170 1317 3245 interiere³.
1350 3173 1397 3246 At

242 3297 453 3401 prasertim
473 3321 595 3397 quum
608 3297 711 3372 ducti
723 3319 752 3372 ‘a
769 3297 897 3396 vitige
911 3297 1022 3372 Gothi
1043 3296 1271 3372 Belisarium
1293 3296 1394 3371 intra

245 3425 358 3500 Urbis
381 3423 524 3498 moenia
542 3422 739 3497 obsidione
764 3423 1018 3522 premerent⁴‚
1049 3429 1142 3496 tunc
1168 3421 1399 3496 coenreterio·

245 3575 333 3627 rum
350 3550 391 3624 in
409 3550 573 3624 latebras
591 3557 746 3624 ruentes
766 3550 973 3647 pertractos
998 3555 1211 3647 martyrum
1231 3548 1399 3622 tumulos

246 3677 372 3751 insani
402 3677 476 3750 late
509 3681 688 3749 stravere.
715 3673 832 3774 Cujus
859 3674 1011 3748 sceleris
1039 3672 1264 3748 memoriam
1291 3671 1400 3746 nobis

246 3801 411 3901 Vigilius
427 3825 524 3900 papa
541 3800 697 3875 tradidit
714 3826 723 3874 :
744 3799 959 3898 profligatis
973 3800 1077 3874 enim
1101 3797 1308 3898 saepissime
1328 3798 1400 3873 Go-

249 3928 336 4017 this,
353 3925 583 4023 subactaque
598 3950 621 3999 a
635 3923 816 3999 Romanis
829 3923 991 3998 ducibus
1006 3923 1127 4014 ltalia,
1142 3922 1308 4021 Vigilius
1323 3922 1402 4020 ipse

251 4058 450 4150 postquam
485 4047 793 4125 coemateriorum
823 4056 973 4148 cryptas
989 4048 1230 4140 instauravit,
1252 4055 1288 4122 et
1306 4072 1404 4122 mar-

251 4185 379 4275 tyrum
400 4173 571 4273 jacentia
589 4181 840 4248 monumenta
870 4174 1015 4265 reiecit,
1046 4181 1269 4273 cryptarum
1298 4173 1338 4247 in
1358 4174 1405 4248 li·

288 4479 312 4530 1,
330 4463 421 4519 Sancti
434 4459 578 4531 Augustini
589 4463 623 4514 dc
636 4465 749 4514 civitate
759 4467 819 4525 Det,
831 4477 871 4527 xi,
889 4472 913 4517 1.
926 4492 959 4502 -
971 4462 1048 4516 Pauli
1059 4463 1144 4517 Orosii
1157 4469 1237 4530 ΗΜ,
1251 4466 1303 4528 Vll,
1314 4474 1353 4528 ³9,
1362 4475 1393 4520 ⁴0
1418 4485 1419 4490 ¹

288 4559 313 4602 2.
330 4546 436 4615 Evagrii
447 4544 603 4600 scholastici
614 4549 719 4600 motor.
731 4547 842 4611 Ecetra,
854 4549 887 4611 ΙΙ,
900 4563 927 4616 p.
938 4555 996 4602 380.

289 4643 314 4688 3.
331 4631 463 4696 belloaci,
474 4636 557 4685 Romo
569 4635 748 4694 sottcrroncc,
760 4636 781 4685 t.
790 4633 827 4696 ll,.
837 4643 862 4686 a.

289 4728 312 4773 4.
331 4715 454 4787 Procopii
467 4713 501 4770 de
511 4714 586 4769 Bello
599 4718 716 4780 (tectim,
730 4719 751 4781 l,
764 4733 834 4781 xxn,
846 4734 931 4773 nvn.
