3592 5668
884 619 1060 684 ..40-

397 754 511 829 variis
537 761 687 830 tantum
714 755 934 831 nominihus
962 758 1128 856 insigne,
1158 757 1324 831 alterum
1358 761 1485 828 autern
1513 755 1551 831 in

395 905 471 980 quo
491 879 583 990 quid
601 879 758 979 singula
774 880 996 981 significent
1017 881 1175 959 nomina
1192 880 1386 981 panditur.

442 1006 528 1081 lam
554 1007 706 1081 laudato
733 993 894 1098 Christo,
925 1010 974 1083 ad
995 1008 1192 1108 Apostolos
1213 1032 1253 1082 se
1276 1007 1462 1084 convertit
1482 1009 1554 1084 Da-

396 1155 540 1222 masus,
566 1133 615 1208 ad
635 1133 798 1208 Paulum
823 1133 969 1210 scilieet
991 1134 1071 1236 qui,
1093 1135 1250 1210 l'udaeus
1274 1133 1458 1234 primum,
1478 1159 1561 1236 pos·¹

1484 1339 1553 1350 utu-tn

511 1457 584 1512 Unde
595 1457 683 1511 bouus
698 1458 808 1512 Pastorr
823 1487 855 1496 -—
867 1457 999 1512 Maculam
1013 1459 1085 1528 quod
1100 1459 1196 1513 ovibus
1207 1458 1302 1513 obstet.

509 1544 587 1597 Nunc
601 1544 686 1597 Homo
702 1557 709 1594 :
723 1545 803 1594 natus
816 1543 889 1596 enim
903 1548 942 1596 cst
953 1549 979 1597 et
991 1559 1099 1598 caruem
1112 1560 1127 1598 a
1138 1543 1250 1613 Virgine
1260 1542 1384 1613 sumpsit.

511 1627 587 1682 Retia
600 1633 666 1682 cur?
674 1657 708 1668 ·-
720 1627 829 1697 Sparsas
842 1629 915 1697 quod
926 1628 1036 1697 colligat
1048 1630 1168 1700 undique
1179 1636 1281 1699 gentes.

510 1716 564 1768 Cur
577 1712 617 1766 sol
625 1711 758 1783 justitiae?
778 1742 810 1752 —
826 1713 896 1777 Quia
906 1712 1013 1782 justum
1023 1713 1161 1768 illuminet
1172 1729 1290 1768 omnem.

511 1803 564 1857 Cur
578 1803 717 1870 Sponsus?
730 1829 763 1840 -
777 1802 912 1869 Desponsa
926 1802 980 1854 Deo
995 1799 1067 1870 quod
1084 1799 1200 1854 Ecclesia
1211 1800 1291 1869 Virgo
1305 1803 1354 1853 est.

510 1887 565 1940 Cur
574 1887 723 1939 Sanctum?
736 1914 769 1926 -
782 1883 859 1949 Quod
872 1899 954 1953 regua
967 1889 1036 1940 serat
1050 1884 1138 1938 felicia
1152 1884 1242 1939 verbo.

510 1973 605 2027 Mons:
620 1970 694 2041 quud
706 1970 735 2024 in
750 1985 891 2025 assensum
906 1987 960 2025 nou
973 1971 1100 2025 omuibus
1113 1970 1198 2024 ardua
1208 1969 1292 2024 cedat.

509 2057 592 2112 Stella
605 2075 612 2110 :
627 2055 700 2126 quod
710 2057 825 2110 incertos
835 2056 903 2112 duce
914 2055 1019 2111 lumine
1029 2057 1128 2125 dirigat
1139 2057 1202 2110 itus.

510 2140 585 2196 Unde
596 2139 739 2208 Magister?
748 2170 782 2181 —
795 2144 876 2196 Amat
890 2140 1052 2194 famulantia
1062 2141 1141 2195 corda
1154 2141 1254 2196 docere.

510 2224 651 2294 Margarita
665 2242 674 2279 t
692 2224 821 2294 quidhoc
836 2225 979 2295 pretiosius
991 2225 1163 2279 inveniatur?

511 2309 586 2363 Unde
597 2309 676 2362 Dies?
690 2337 722 2348 -
738 2308 815 2372 Quod
827 2308 888 2363 lucc
901 2309 986 2379 magis
1001 2308 1165 2379 resplendeat
1176 2311 1243 2379 ipsa.

513 2401 588 2452 Tunc
600 2397 665 2467 quia
678 2396 715 2451 sit
732 2399 858 2462 Sanctus,
871 2398 999 2452 innoxius
1008 2399 1100 2466 Agnus
1115 2397 1238 2460 habetur,
1312 2391 1314 2396 ’

512 2485 566 2550 Qui
578 2484 667 2554 potuit
680 2483 754 2537 solus
763 2488 900 2553 peccatum
915 2483 1008 2537 tollere
1020 2483 1127 2548 muudi,

512 2571 548 2625 Et
562 2569 642 2623 modo
654 2569 738 2623 fertur
749 2569 821 2632 Ovis,
839 2569 911 2640 quod
931 2585 959 2623 sc
972 2569 1166 2639 jugulantibus
1180 2574 1261 2640 aptet.

484 2645 487 2650 ’
516 2655 621 2710 Dicitur
634 2660 660 2708 et
672 2654 782 2710 vitulus
798 2674 805 2708 :
822 2659 947 2709 contenta
959 2655 1008 2709 hoc
1024 2655 1111 2725 passio
1127 2659 1273 2720 monstrata

516 2745 594 2804 Fene,
611 2740 677 2810 quia
690 2740 817 2811 purificat
829 2740 929 2795 vitium
941 2739 1100 2810 baptismate
1113 2739 1203 2809 largo;

515 2827 585 2889 Vita,
598 2827 672 2896 quod
685 2832 816 2882 aeternum
826 2827 872 2880 dat
883 2825 973 2880 vivere
987 2825 1148 2893 vivificatis3

515 2914 548 2966 Et
557 2914 652 2967 Manus
665 2929 673 2967 ε
686 2911 803 2966 occurrit
815 2898 950 2963 virtutum
961 2910 1081 2980 operatio
1094 2909 1177 2967 dives.

515 2999 549 3052 Et
564 2999 650 3067 Caput
668 3015 674 3050 :
692 2996 720 3049 in
735 2999 861 3065 promptu
875 3001 914 3048 est
928 3010 982 3064 quo
998 3000 1088 3050 nostro
1100 3001 1206 3050 auctore
1217 3010 1348 3051 creemur.

516 3083 589 3151 lguis
602 3101 609 3136 ε
623 3083 652 3136 iu
668 3082 717 3136 hoc
727 3080 799 3150 quod
814 3079 900 3133 adhuc
911 3079 1032 3150 probatio
1047 3084 1137 3134 nostra
1151 3081 1274 3150 supersit.

515 3168 590 3223 Unde
603 3169 784 3220 Aratrumt-
799 3165 911 3233 subigat
922 3164 994 3234 quod
1004 3171 1117 3233 pectora,
1134 3165 1338 3235 fructificetque.

518 3250 587 3317 Flos,
598 3248 662 3319 quia
672 3248 803 3303 confessor
814 3253 853 3301 est
864 3252 997 3317 martyres
1008 3249 1064 3318 ipse
1075 3255 1192 3304 coronat.

517 3335 571 3388 Cur
584 3334 662 3403 Lapis
677 3332 831 3403 angularis?
840 3360 872 3372 --
889 3332 1024 3403 Populum
1037 3334 1102 3404 quia
1115 3336 1198 3389 nectit
1212 3343 1356 3406 utrumque

516 3419 636 3480 Dextera,
652 3433 706 3487 qua
716 3417 836 3488 patrium
850 3417 921 3472 latus
934 3418 1040 3484 assidet,
1056 3425 1143 3488 ornat,
1156 3421 1280 3474 honorat.

516 3504 590 3572 Saepe
603 3503 733 3557 Columba
748 3521 755 3556 ε
773 3502 869 3557 dolum
883 3505 946 3573 quia
964 3505 1055 3566 nescit,
1071 3521 1102 3559 ac
1113 3506 1172 3559 siue
1186 3506 1246 3560 telle
1258 3510 1306 3561 cst.

516 3588 590 3642 Unde
602 3591 684 3643 Puer?
693 3617 727 3629 -
737 3588 814 3654 Quod
829 3604 915 3658 purus
928 3594 970 3643 eat
982 3591 1110 3660 genitoris
1128 3591 1161 3644 ad
1176 3607 1272 3646 arcem.

519 3673 603 3728 Vitis:
617 3673 743 3743 adoptiva
752 3672 824 3743 quod
837 3689 864 3727 se
878 3674 980 3728 herede
993 3679 1130 3744 propaget.

523 3758 596 3813 Unde
609 3758 741 3813 sccundus
753 3760 854 3813 Adam?
866 3788 899 3798 -
912 3758 982 3825 Quia
998 3761 1033 3814 sit
1048 3767 1129 3831 caput
1144 3762 1199 3832 ipse
1216 3763 1324 3816 renatis.

521 3846 564 3897 Est
578 3843 693 3912 Digitus,
712 3844 805 3913 Stylus
817 3845 867 3897 iste
882 3863 889 3898 :
903 3845 950 3899 Dci
963 3850 1001 3899 est
1015 3848 1067 3899 Lex
1079 3846 1176 3916 scripta
1192 3862 1238 3917 per
1249 3847 1349 3916 ipsum.

520 3929 598 3981 Nunc
611 3927 757 3998 Speculum
770 3949 777 3982 ι
793 3929 866 3997 quod
877 3929 965 3998 imago
978 3928 1064 3984 Patris
1078 3930 1194 3999 perlucet
1206 3931 1234 3984 iu
1250 3931 1307 3985 illo.

519 4014 597 4068 Nuuc
607 4012 657 4067 Via
672 4031 678 4066 :
691 4014 764 4083 quod
778 4018 886 4067 sanctus
900 4015 934 4068 sit
947 4014 1064 4083 previus
1076 4015 1104 4069 iu
1119 4016 1250 4085 paradiso.

521 4098 620 4162 Botrio,
633 4098 706 4168 quod
716 4097 801 4153 succis
814 4098 967 4173 coelestibus
980 4099 1071 4169 irriget
1083 4099 1184 4154 orbem.

523 4183 622 4236 Panis:
637 4183 666 4235 in
680 4182 730 4236 hoc
746 4186 842 4236 nostra
856 4183 927 4251 quod
942 4182 997 4236 sint
1011 4183 1140 4238 alimenta
1151 4185 1223 4248 fidei,

523 4272 613 4326 Hostia
624 4271 688 4326 viva
696 4274 766 4338 Deo;
783 4286 905 4325 summus
917 4286 966 4325 cur
975 4271 1031 4341 ipse
1041 4272 1182 4327 Sacerdos?

523 4386 555 4397 -
567 4359 601 4410 Se
614 4357 679 4426 quia
692 4355 861 4410 sanctificans
872 4355 966 4425 patriis
979 4355 1107 4410 altaribus
1120 4357 1207 4411 otiert.

520 4445 598 4498 Nunc
610 4443 707 4497 Ratio:
723 4442 780 4496 haec
799 4441 867 4496 ratio
879 4445 917 4495 est
933 4457 980 4511 per
998 4457 1081 4511 quam
1097 4447 1149 4496 stat
1164 4442 1261 4500 lubrica
1278 4443 1385 4498 mundi.

522 4526 602 4595 Virga
612 4525 684 4596 quod
696 4530 812 4580 errantes
825 4530 856 4579 ut
869 4526 976 4581 verbere
987 4527 1098 4596 corriget
1108 4532 1192 4581 actus.

522 4611 604 4666 Piscis
617 4616 696 4666 uatus
707 4611 785 4682 aquis
798 4626 807 4662 :
823 4615 915 4666 auctor
926 4610 1095 4681 baptismatis
1106 4612 1163 4682 ipse
1176 4617 1223 4666 est.

520 4699 595 4766 Saepe
605 4695 702 4765 Aquila
718 4715 725 4750 ι
741 4697 843 4750 eterris
855 4690 984 4766 quoniam
999 4697 1126 4751 revolavit
1140 4701 1171 4750 ut
1182 4698 1245 4752 ales.
