3592 5668
807 678 809 684 .
910 659 1062 727 -3-

407 802 496 876 ret¹.
510 801 619 889 Quod
634 775 755 902 quum
766 810 946 902 negasset
960 801 1146 892 Liberius,
1164 803 1212 875 ab
1226 799 1377 874 Arianis
1392 797 1563 899 graviter
1604 800 1607 806 '

402 931 560 1006 rexatus
589 935 625 1002 et
650 917 819 1028 quotidie
847 928 1056 1004 Constantii
1084 928 1200 1002 minis
1229 928 1445 1027 exagitatus
1463 925 1487 1017 ²,
1521 925 1560 998 in

402 1051 543 1133 No‘e'llae
562 1052 769 1126 coemeterii
788 1053 965 1144 latebras,
983 1052 1212 1144 viaSalaria
1235 1053 1284 1127 ad
1297 1051 1454 1127 tertium
1470 1049 1562 1148 lapi·

399 1178 486 1252 dem
501 1178 689 1278 confugit.
710 1178 766 1253 lbi
782 1179 961 1253 familiari
979 1187 1016 1253 et
1030 1178 1202 1278 adjutore
1218 1179 1378 1253 diacono
1393 1178 1560 1276 quodam

402 1299 494 1378 usus
514 1311 582 1394 est,
601 1305 763 1378 Damaso
778 1304 947 1396 nomine,
971 1328 1087 1404 quem
1101 1329 1180 1402 pra
1194 1302 1340 1378 caeteris
1361 1302 1559 1401 diligebat,

398 1454 603 1529 quemque,
615 1429 708 1504 dum
724 1429 803 1528 ipse
814 1431 964 1520 latebat,
978 1428 1164 1503 vicarium
1177 1453 1290 1502 suum
1304 1428 1344 1501 in
1356 1428 1457 1500 Urbe
1465 1451 1563 1500 eon-

396 1553 678 1628 stituit³.Tanto
691 1553 848 1652 quidem
858 1554 1002 1628 honore
1012 1552 1336 1652 haudindignum
1345 1552 1407 1625 hic
1418 1577 1457 1625 se
1469 1575 1562 1650 pra-

399 1678 504 1754 buit:
524 1693 646 1779 quum
664 1678 769 1752 enim
784 1677 994 1752 Liberiusa
1011 1677 1220 1753 christiano
1240 1678 1379 1777 populo
1402 1683 1561 1775 rogatus

397 1812 454 1897 ut,
475 1804 537 1878 die
555 1804 649 1878 sesto
664 1805 831 1894 Paschae,
850 1803 1019 1877 vivificas
1038 1803 1218 1903 baptismi
1236 1805 1360 1878 undas
1379 1803 1562 1877 eoncede-

400 1936 469 2019 ret,
503 1953 642 2028 anceps
665 1936 794 2005 tamen
819 1930 995 2020 hareret
1017 1930 1119 2028 quod
1141 1929 1308 2004 ecclesiae
1331 1953 1465 2004 omnes
1483 1928 1561 2026 pel·

397 2079 539 2152 vesque
558 2054 599 2127 in
622 2051 668 2126 iis
686 2053 845 2128 inclusae
859 2055 907 2127 ab
921 2054 1072 2128 Arianis
1094 2062 1329 2146 tenerentur,
1364 2054 1444 2152 ipse
1475 2078 1563 2127 sua-

399 2181 446 2254 sit
465 2186 527 2271 ut,
546 2186 672 2278 spreta
692 2179 922 2254 Asianorum
942 2179 1156 2271 insolentia,
1185 2181 1281 2272 ruri,
1309 2185 1560 2282 campestrem

312 2399 314 2406 y
398 2302 606 2402 quemdam
629 2302 678 2376 ad
704 2303 848 2377 fontem
874 2302 1089 2400 petentibus
1114 2328 1240 2378 sacras
1259 2305 1387 2401 palam
1413 2301 1560 2399 disper-

398 2427 487 2502 tiret
513 2452 653 2526 aquaS,
687 2433 1005 2526 cunctantemque
1037 2427 1230 2525 praeolaris
1266 2428 1327 2502 his
1353 2427 1480 2502 verbis
1506 2436 1562 2502 est

401 2554 647 2628 adhortatus:
677 2581 692 2620 r
711 2553 863 2650 Baptiza
879 2552 919 2625 in
937 2553 1045 2650 pelve
1059 2553 1125 2626 ubi
1141 2554 1348 2652 Magister:
1366 2553 1485 2652 pelvis
1497 2553 1561 2627 illa

403 2704 480 2752 non
497 2677 653 2777 lignum
667 2678 733 2751 sed
747 2684 848 2752 totus
873 2679 1043 2752 mundus
1071 2679 1160 2754 esth
1175 2709 1191 2748 »
1231 2679 1308 2753 Nec
1326 2680 1447 2753 multo
1462 2685 1557 2777 post,

402 2828 523 2903 quum
538 2828 672 2877 rursus
687 2828 786 2876 nova
800 2803 913 2877 turba
929 2810 972 2877 ut
991 2803 1224 2878 tribueretur
1235 2804 1426 2902 baptisma
1445 2829 1560 2901 roga-

392 2937 471 3020 ret,
487 2953 557 3002 nec
570 2952 741 3002 annuere
752 2927 898 3018 liceret,
912 2928 1015 3025 quod
1029 2929 1126 3019 sons,
1144 2928 1211 3026 qui
1222 2930 1325 3003 solus
1338 2928 1559 3003 orthodoxis

401 3061 493 3128 tunc
511 3054 674 3152 patebat,
693 3051 890 3150 malignus
909 3052 1066 3150 quidem
1085 3060 1123 3126 et
1143 3053 1377 3128 adstantium
1398 3035 1559 3129 numero

402 3177 560 3252 omnino
579 3177 705 3275 impar
733 3177 880 3268 flueret,
903 3201 942 3251 se
957 3177 1057 3250 ultro
1077 3178 1262 3254 Damasus
1277 3179 1382 3252 hunc
1402 3179 1558 3276 largum

401 3312 437 3379 et
458 3305 571 3402 plane
585 3301 840 3376 sufficientem
861 3301 1091 3376 effecturum
1119 3327 1202 3376 esse
1231 3302 1445 3400 spopondit.
1482 3305 1559 3378 Nec

401 3427 606 3518 immerito,
619 3450 723 3515 nam,
738 3425 1085 3525 collectaopificum
1102 3451 1248 3526 magna
1263 3452 1394 3516 manu,
1413 3429 1558 3503 sontem

386 3552 505 3644 adiit,
524 3552 635 3652 cujus
645 3576 762 3626 venas
777 3559 942 3642 secutus
960 3576 1096 3650 rupem
1109 3552 1203 3627 fodit
1213 3559 1263 3644 et,
1276 3553 1432 3628 inventa
1447 3577 1557 3651 aquae

367 3751 371 3760 ,
400 3677 552 3776 ingenti
567 3675 687 3774 copia,
705 3681 806 3752 hanc
821 3677 861 3750 in
876 3677 1063 3776 majorem
1073 3676 1260 3775 piscinam
1270 3677 1444 3775 recepit⁵.
1459 3678 1560 3750 Tan·

403 3804 492 3877 dem
512 3803 616 3876 solus
635 3802 734 3876 inter
748 3803 939 3877 Romanos
967 3804 1180 3878 sacerdotes
1196 3802 1391 3876 Liberium
1418 3829 1442 3877 a
1462 3803 1559 3878 Gon-

435 4212 458 4260 1.
477 4205 568 4260 Sancti
581 4203 720 4260 Athanasii
732 4208 835 4258 Hister.
846 4207 942 4259 Artori.
955 4206 992 4258 od
1004 4208 1137 4272 eunuch,
1150 4207 1165 4274 ς
1180 4216 1211 4260 aa
1226 4207 1343 4274 (Petrol.
1357 4208 1418 4269 lat,
1431 4210 1451 4260 t.
1466 4207 1555 4273 XXV).

402 4319 434 4330 -
447 4289 572 4350 Moehler,
585 4294 606 4343 t.
620 4292 639 4350 I,
656 4289 698 4345 cb.
710 4305 740 4355 u,
754 4291 769 4358 S
784 4299 808 4356 a,
825 4304 852 4360 p.
864 4294 923 4343 412.

430 4386 456 4430 2.
476 4381 555 4430 Gesta
567 4377 666 4429 Libertt
674 4391 765 4444 papa,
775 4376 817 4443 §a
831 4376 947 4442 (Potrol.
960 4377 1022 4445 lat,
1034 4380 1055 4430 t.
1068 4377 1148 4444 VIII).
1160 4405 1194 4418 -
1202 4377 1292 4432 Sancti
1303 4376 1442 4432 Athanasii
1450 4381 1556 4432 Hister.

393 4465 491 4518 Arion.
502 4462 539 4514 ad
552 4462 685 4522 monach,
699 4461 730 4528 §S
744 4467 786 4521 ³7,
800 4465 842 4512 4ο.

428 4553 453 4600 ³.
474 4550 552 4600 aesca
563 4547 660 4598 bitortt
670 4559 757 4612 papa,
772 4545 807 4612 §5
821 4554 848 4609 2,
862 4552 895 4598 3.

388 4646 395 4656 ·’
427 4637 453 4684 4.
473 4636 549 4686 cesta
562 4631 662 4684 Itbertt
669 4647 761 4699 papa,
775 4632 806 4699 §S
823 4638 847 4697 3,
861 4635 888 4692 4,
904 4639 930 4685 5.

433 4725 457 4770 5.
478 4720 558 4770 aesta
569 4716 765 4784 biberamus,
776 4715 810 4785 §s
824 4724 849 4781 7,
865 4724 890 4770 8.
