3592 5668
906 703 951 714 ..
972 665 1015 732 54
1038 703 1081 716 .-

421 809 499 882 filio
527 817 565 882 et
591 807 726 880 liberto
751 806 1018 896 admittebant,
1046 808 1222 881 homines
1245 832 1335 881 verc
1369 831 1574 904 nusquam,

421 935 557 1008 fratres
570 939 700 1007 autem
717 931 889 1005 minime.
905 933 1132 1007 Hominibus
1148 932 1266 1006 Pollio
1281 956 1476 1006 muraenas
1491 956 1578 1006 suas

421 1059 618 1157 pascebat3
634 1056 821 1146 heminae,
838 1083 960 1156 quum
977 1083 1086 1132 senes
1104 1065 1141 1132 et
1156 1057 1253 1156 aegri
1270 1058 1436 1156 impares
1452 1063 1578 1130 essent

420 1183 487 1284 qui
503 1181 689 1256 rusticum
709 1182 879 1255 laborem
899 1181 1142 1272 sustinerent,
1165 1181 1278 1256 vendi
1293 1182 1455 1280 jubebat
1473 1181 1573 1269 Dato,

421 1317 458 1382 et
482 1306 684 1380 hominum
698 1307 800 1381 caede
815 1307 905 1380 deos
919 1306 1063 1404 pagani
1084 1305 1292 1404 sepissime
1306 1305 1572 1404 propitiabant.

423 1433 617 1521 flaminea,
627 1417 728 1530 aipud
739 1456 926 1530 paganae,
935 1455 1012 1504 non
1028 1431 1102 1504 nisi
1116 1457 1139 1505 a
1153 1431 1346 1505 Terenti0¹
1363 1439 1400 1504 et
1414 1430 1566 1506 Seneca²

422 1564 617 1662 susceptos!
641 1563 677 1630 et
696 1551 920 1654 praedicatcs
934 1557 1121 1630 habemus
1139 1583 1147 1630 :
1163 1552 1202 1630 at
1225 1556 1320 1630 alter
1332 1555 1399 1629 diu
1422 1555 1461 1628 in
1475 1555 1574 1630 Urbe

421 1683 576 1756 domino
591 1680 827 1771 inservierat,
839 1689 876 1756 et
888 1683 989 1756 mala
1001 1688 1179 1780 expertus
1195 1683 1380 1769 humana,
1396 1680 1574 1757 humanis

422 1813 536 1886 rebus
558 1811 801 1898 movebatur3
828 1811 936 1899 alter,
963 1811 1082 1884 Paulo
1101 1817 1230 1884 nostro
1254 1808 1466 1899 familiaris,
1489 1808 1574 1884 inde

334 2021 337 2028 ,
422 1937 599 2012 nonnihil
614 1937 824 2036 benignius
837 1938 901 2012 vix
914 1937 1089 2012 conscius
1101 1939 1323 2028 retinuerat,
1340 1937 1449 2028 sicut,
1469 1944 1575 2012 nocte

421 2088 600 2161 campum
626 2070 804 2152 tenente,
834 2089 986 2138 summa
1013 2071 1140 2138 tamen
1168 2065 1358 2138 albescere
1388 2062 1575 2136 montium

417 2188 518 2287 juga
532 2188 747 2287 longinquo
762 2189 907 2264 lumine
922 2197 1133 2288 coeperunt.
1212 2191 1215 2197 ’

470 2313 651 2395 Tandem,
679 2313 855 2413 quamvis
882 2313 1020 2411 saepius
1037 2313 1158 2388 macie
1184 2315 1351 2414 quadam
1378 2322 1416 2388 et
1428 2313 1576 2413 jejunio

421 2439 615 2513 confectus
637 2440 822 2512 Damasus
842 2445 987 2537 peccet,
1008 2439 1094 2537 quis
1116 2447 1243 2513 tamen
1275 2438 1374 2512 inter
1400 2438 1573 2537 picturae,

421 2563 588 2662 penicilli
616 2571 653 2638 et
685 2563 820 2637 coloris
851 2590 935 2664 ope,
965 2573 1179 2663 martyrum
1208 2563 1420 2638 certamina
1450 2564 1575 2638 acrius

421 2715 592 2789 unquam
629 2691 842 2788 expressit?
878 2691 1029 2789 Spirant
1071 2692 1110 2764 in
1151 2691 1301 2766 Damasi
1342 2691 1575 2765 carminibus

420 2817 630 2907 christiani,
656 2825 693 2891 et
719 2817 828 2917 quasi
854 2817 929 2890 vivi
956 2819 995 2890 in
1023 2843 1177 2893 scenam
1201 2826 1288 2894 ante
1304 2818 1432 2892 oculos
1462 2818 1575 2892 indu-

421 2949 578 3032 cuntur,
607 2943 681 3015 fide
708 2948 744 3016 et
771 2943 911 3018 virtute
934 2943 1139 3040 pallantea,
1166 2950 1203 3016 et
1230 2943 1337 3017 irrita
1358 2950 1575 3041 appetentes

419 3075 620 3142 tormenta.
638 3068 675 3140 Si
690 3068 805 3141 fidem
821 3068 1002 3166 deneges,
1027 3069 1195 3143 codicem
1210 3071 1290 3168 ipse
1304 3070 1422 3168 aperi,
1440 3078 1477 3144 et
1492 3095 1575 3169 quae

420 3193 467 3265 de
489 3192 708 3266 Marcellino
723 3199 761 3265 et
781 3192 891 3264 Petro
910 3192 1061 3290 scripsit
1085 3195 1269 3268 Damasus
1287 3195 1443 3292 perlege
1458 3195 1482 3268 ³.

470 3319 564 3390 Ecce
585 3317 698 3390 ambo
719 3318 851 3414 procul
874 3318 922 3390 ab
952 3317 1067 3408 Urbe,
1091 3345 1137 3392 ne
1156 3345 1289 3392 eorum
1311 3321 1437 3393 colant
1465 3327 1574 3393 trun-

422 3467 484 3515 ccs
497 3440 708 3528 christiani,
720 3442 894 3515 custodes
905 3441 1004 3517 inter
1019 3451 1124 3532 eunt,
1142 3450 1179 3518 et
1192 3446 1240 3519 ad
1256 3444 1431 3542 supplicii
1450 3446 1576 3519 locum

420 3565 652 3646 ineluctabili
669 3591 806 3664 gressu
819 3568 993 3642 tendunt.
1012 3569 1083 3642 Per
1098 3570 1253 3644 dumeta
1265 3595 1474 3669 vepresque
1488 3595 1577 3656 con-

420 3690 558 3764 sistunt
587 3690 781 3780 morituri,
810 3699 868 3782 et,
894 3693 1054 3791 jubente
1080 3694 1272 3784 carnifice,
1304 3694 1390 3793 ipsi,
1424 3695 1576 3793 propria

418 3838 554 3902 manu,
589 3839 723 3912 vepres
751 3815 957 3916 spinasque
994 3817 1179 3906 avellunt,
1218 3825 1390 3915 purgant
1428 3818 1573 3907 locum',

418 3937 598 4038 idoneum
618 3939 801 4037 supplicio
825 3941 1010 4030 efficiunt,
1032 3949 1069 4014 et
1086 3943 1240 4016 tandem
1260 3945 1372 4018 ambo
1389 3943 1576 4018 cervicem

419 4063 542 4138 securi
562 4063 771 4162 subjiciunt
789 4066 946 4140 alacres.

466 4189 548 4264 Alia
568 4188 598 4262 si
622 4190 761 4288 quaeris
787 4193 1013 4288 spectacula,
1036 4195 1209 4273 'Nereum
1233 4202 1270 4268 et
1285 4195 1575 4274 Achilleumas-

451 4562 474 4612 1,
493 4554 608 4606 Terentii
622 4559 963 4620 [reclamaremus-umcros,
976 4563 1027 4611 act.
1039 4561 1060 4618 l,
1074 4573 1152 4613 scena
1161 4574 1181 4622 1,
1195 4573 1263 4612 vers.
1278 4567 1320 4614 25.

451 4647 475 4690 2.
494 4639 601 4702 Seneca,
612 4643 721 4704 Lucilio,
734 4645 821 4706 npct.
831 4645 939 4694 XLVII.
1098 4638 1100 4642 ’

449 4729 474 4775 3.
492 4723 582 4776 Sancti
598 4725 701 4776 Damasi
714 4726 748 4777 de
758 4729 854 4779 Sancto
867 4729 1024 4781 Marcellino
1038 4732 1064 4781 et
1075 4733 1165 4791 Petro,
1175 4743 1282 4784 carmen
1293 4745 1373 4786 xxm.

493 4813 498 4842 t
