3592 5668
726 673 771 686 ...
794 637 904 704 43...

238 771 312 848 nisi
331 775 630 858 cacuminibus
655 776 735 851 suis
760 777 993 852 inseruisset.
1019 775 1198 874 Quasque
1213 777 1400 852 manifes-

239 896 314 970 tius
341 901 608 993 ostendamuS,
643 903 800 1002 singula
834 902 986 977 Damasi
1016 903 1064 976 de
1090 903 1335 1000 pontificibus
1360 913 1398 978 et

238 1026 471 1124 martyribus
492 1028 664 1106 carmina
690 1029 951 1129 inspiciamus,
977 1030 1075 1106 etde
1094 1053 1227 1106 corum
1249 1031 1398 1104 niaritis

239 1149 528 1248 dignoscamus,
554 1155 633 1230 sive
650 1156 846 1232 eorumin
867 1180 982 1231 usum
995 1155 1062 1253 qui
1083 1157 1296 1229 tantumde
1309 1181 1398 1229 ver-

240 1300 354 1350 suum
379 1277 505 1374 lepore
531 1287 568 1354 et
586 1280 790 1356 veneribus
819 1281 1024 1370 laborant,
1038 1279 1118 1354 sive
1145 1304 1278 1354 eorum
1303 1283 1399 1379 quos

239 1400 510 1478 ecclesiasticos
532 1405 715 1504 colligere
731 1407 846 1483 fastos
864 1387 1012 1505 juvat(

290 1525 418 1612 Quum
429 1528 627 1605 christiani
640 1530 947 1606 coemeteriorum
959 1538 1125 1630 cryptas,
1150 1537 1193 1605 ut
1211 1537 1302 1605 tunc
1316 1553 1400 1604 mos

241 1658 334 1743 erat,
364 1652 512 1750 pietatis
534 1682 650 1732 causa
666 1659 885 1747 lustrarent,
904 1665 953 1748 et,
976 1657 1124 1733 Gallixti
1139 1653 1412 1731 coemetcrium'

241 1778 425 1880 ingressi,
442 1789 490 1864 ad
503 1786 717 1860 maximum
730 1786 848 1884 hujus
856 1786 1166 1884 loeigcuhieutum
1176 1787 1401 1862 marmoreis

241 1909 429 1986 columnis
461 1912 675 2015 crustisque
711 1919 748 1986 et
776 1913 956 1987 cancellis
981 1914 1220 2006 decoratum,
1266 1937 1402 2011 perve-

243 2037 402 2128 nissent,
436 2038 502 2128 ibi,
547 2037 586 2110 in
613 2038 785 2136 opposita
813 2038 968 2139 pariete,
1003 2066 1120 2140 supra
1144 2041 1401 2142 pontificalem

240 2164 462 2238 cathedram
490 2163 630 2238 incisas
666 2163 899 2262 aspiciebant
928 2191 1144 2243 marmorea
1179 2170 1220 2244 in
1260 2167 1400 2244 tabella

242 2288 411 2365 litteras:
776 2287 778 2290 ’

361 2541 518 2620 Tempore
532 2559 596 2621 quo
612 2539 734 2620 gladius
747 2543 849 2604 secuit
862 2540 915 2624 pia
926 2541 1046 2606 viscera
1058 2544 1177 2621 Matris,
1205 2539 1207 2544 ’
1235 2539 1237 2546 ’
1303 2530 1306 2539 ’

253 2661 266 2688 ·“
361 2647 422 2711 Hie
437 2649 560 2729 positus
573 2655 681 2711 rector
700 2647 839 2712 coelcstia
852 2650 940 2729 jussa
954 2649 1134 2715 docebam:
1192 2637 1194 2640 ⁵

365 2755 427 2818 Sed
441 2755 572 2818 veniunt
588 2755 694 2823 subtto
705 2756 840 2836 rapiunt
853 2756 910 2836 qui
923 2757 1007 2820 forta
1021 2759 1204 2822 docentem.

262 2913 266 2926 .
363 2863 519 2928 Militibus
534 2862 641 2933 missis
652 2864 763 2942 populi
777 2869 855 2926 tuno
869 2865 954 2929 colla
969 2866 1100 2931 deduc.

307 3023 310 3032 .
362 2972 435 3036 Mox
448 2970 503 3034 ubi
518 2971 668 3060 cognorit
681 2969 788 3035 senior
802 2969 858 3055 qui
870 2972 985 3058 tollere
999 2975 1094 3038 vellet
1244 3047 1247 3055 ¹

351 3078 519 3168 ¹Palmam,
536 3095 633 3158 seque
647 3095 805 3161 suumque
819 3084 916 3159 caput
929 3079 1018 3158 prior
1030 3063 1145 3143 obtulit
1157 3080 1236 3173 ipse,
1286 3103 1291 3110 ¹
1342 3165 1344 3173 ,

364 3187 537 3266 Impatiens
549 3185 658 3248 feritas
673 3191 780 3266 posset
795 3203 835 3248 ne
848 3171 963 3248 laedere
976 3181 1182 3267 quemquam.

364 3289 508 3355 O'stendit
520 3286 673 3370 Christus,
688 3287 794 3355 reddit
808 3291 863 3373 qui
881 3292 1013 3372 praemia
1025 3293 1110 3372 vitae,
1150 3279 1153 3288 ’
1292 3292 1295 3302 ’

249 3429 253 3437 ‚
366 3398 502 3462 Pastoris
517 3398 678 3476 meritum,
696 3414 870 3463 numerum
885 3401 990 3480 gregis
1003 3400 1222 3481 lps‘etuetur':

295 3632 538 3710 Carminibus
568 3633 643 3708 illis
669 3634 790 3708 sancti
820 3633 917 3708 Sixti
938 3634 1080 3708 summi
1109 3633 1406 3708 christianormtr

246 3759 438 3858 pontificis
452 3759 678 3833 memoriam
696 3759 921 3834 nobilitabat
936 3759 1306 3858 Damasus,·ejusque
1321 3777 1407 3855 per

246 3885 434 3984 vulgabat
460 3886 617 3976 samam,
635 3892 764 3984 utpote
794 3885 861 3985 qui
889 3885 1045 3960 virtute
1063 3911 1133 3960 sua
1151 3885 1406 3960 christianum

246 4020 388 4086 emtum
408 4010 757 4086 imminenti'morti
784 4011 997 4111 eripuisset.
1017 4011 1177 4086 Sedebat·
1201 4011 1306 4082 etnim
1338 4030 1427 4084 can

246 4137 381 4212 thedra
400 4159 482 4224 sua,
499 4135 835 4212 circumstantibus
855 4135 1038 4224 diaconis,
1061 4135 1261 4225 SixtuS,·ut
1286 4159 1307 4208 e
1331 4135 1405 4207 lla-

246 4262 342 4337 masi
357 4260 593 4337 carminibus
616 4269 773 4360 apparet
792 4261 918 4359 (silent
936 4261 1040 4336 onim
1065 4261 1112 4336 dc
1128 4263 1206 4335 hac
1218 4281 1267 4334 'ra
1284 4261 1405 4334 cocle-

254 4589 256 4596 ’
284 4613 308 4658 1.
326 4606 416 4659 Sancti
426 4605 533 4659 Damasi
544 4607 577 4660 de
588 4611 684 4660 Sancto
695 4611 769 4659 stato
782 4605 952 4674 (Stephano),
970 4610 998 4657 P.
1011 4610 1036 4657 et
1048 4607 1082 4658 M.
1096 4619 1204 4658 carmen
1213 4606 1329 4668 (Patrol.
1343 4605 1404 4665 lat„

249 4695 268 4742 t.
282 4692 350 4755 Xlll,
362 4689 415 4744 eol.
426 4696 484 4753 38³,
500 4690 569 4757 ³84).
