3592 5668
708 575 883 641 ..77-

220 744 351 794 secum
381 725 464 792 aeta
487 724 682 815 reputem,
719 715 893 790 animum
920 715 1124 804 attollebat,
1155 716 1372 791 functorum

220 843 353 942 gloriae
380 841 489 941 quasi
511 842 698 940 particeps
712 847 749 914 et
774 839 949 914 conscius
976 839 1217 914 aemulatione
1244 841 1369 932 fiebat,

220 968 417 1067 auctisque
449 973 554 1041 tanto
588 966 761 1063 exemplo
796 964 916 1039 animi
940 964 1106 1064 viribus,
1152 991 1193 1039 se
1221 990 1373 1064 quoque

217 1093 374 1192 magnis
413 1094 527 1167 rebus
561 1117 636 1165 non
668 1091 854 1188 imparem
889 1091 1057 1187 putabat.
1093 1090 1182 1164 Tale
1218 1091 1373 1189 quidem

218 1219 435 1294 christianis
455 1218 583 1292 intulit
597 1217 826 1291 beneficium
850 1217 1061 1306 Damasus3
1097 1217 1242 1292 studuit
1270 1216 1373 1292 enim

219 1344 379 1419 minime
407 1352 450 1419 ut
475 1344 672 1418 Musarum
704 1343 897 1441 leporibus
919 1350 956 1417 et
975 1341 1161 1417 illecebris
1180 1351 1375 1443 captaren-

220 1478 281 1544 tur
315 1470 480 1568 {equales
517 1475 555 1543 et
575 1468 727 1566 posteri,
757 1469 823 1542 sed
851 1475 893 1542 ut
920 1468 1107 1542 nonnulla
1138 1495 1224 1569 quae
1254 1471 1374 1570 vulgo

218 1593 436 1669 christianis
460 1594 694 1692 prodessent,
716 1592 908 1692 inglorius
930 1591 1196 1684 conscriberet,
1217 1619 1375 1670 eorum-

219 1743 293 1816 que
315 1717 503 1808 animum,
523 1715 714 1815 proposita
733 1723 947 1815 martyrum
971 1715 1048 1791 vita
1061 1722 1099 1791 et
1122 1742 1228 1809 nece,
1244 1742 1375 1794 emen·

219 1845 326 1918 daret
346 1852 383 1918 et
400 1850 656 1943 componeret.
685 1831 828 1917 Idcirco
850 1842 964 1917 samoe
978 1869 1058 1918 suae
1077 1844 1189 1942 plane
1208 1843 1375 1920 incurio-

219 1995 284 2043 sus
298 1976 334 2043 et
348 1968 441 2068 quid
455 1969 502 2042 de
517 1993 557 2042 se
570 1966 830 2043 existimarent
845 1967 983 2066 posteri
1000 1967 1158 2043 minime
1177 1968 1370 2059 sollicitus,

219 2095 395 2192 longum,
412 2094 514 2167 unde
532 2100 660 2167 tamen
678 2093 780 2191 apud
800 2093 985 2167 doctiores
1002 2093 1103 2168 viros
1118 2118 1305 2193 magnam
1319 2094 1373 2170 la·

220 2245 324 2295 mam
356 2219 599 2318 sumpsisset,
635 2220 682 2293 de
717 2226 930 2317 martyrum
962 2217 1087 2318 gloria
1111 2244 1265 2294 carmen
1295 2246 1375 2295 sus·

219 2345 344 2446 cipere
363 2370 439 2419 non
456 2343 646 2419 sustinuit.
666 2344 713 2417 At
735 2368 870 2419 eorum
889 2344 1020 2418 laudes
1038 2344 1201 2443 propriis
1223 2345 1262 2418 in
1287 2344 1374 2444 qui-

219 2470 291 2543 bus
323 2468 465 2543 conditi
500 2469 653 2543 fuerant
680 2467 813 2543 loculis
847 2467 1059 2567 inscripsit,
1089 2477 1126 2542 et
1156 2469 1374 2545 functorum

220 2593 403 2694 sepulcris
415 2595 611 2695 salutares,
627 2619 713 2692 quae
730 2591 827 2666 vivis
846 2594 1080 2690 prodessent,
1096 2593 1375 2669 admonitiones

221 2718 439 2794 mandavit:
453 2718 505 2792 ita
519 2717 612 2807 otii,
631 2716 698 2816 qui
714 2723 865 2815 cryptas
883 2716 1103 2809 inviserent,
1123 2717 1211 2792 inde
1233 2719 1374 2793 referre

220 2846 378 2919 domum
406 2849 560 2942 possent
583 2841 727 2941 aliquid
760 2841 905 2917 illustre
930 2850 967 2917 et
996 2843 1162 2942 dignum
1175 2843 1372 2934 memoria,

220 2996 296 3070 quo
311 2970 360 3044 ad
371 2969 669 3044 contemnendas
680 2966 857 3042 libidines
872 2970 1158 3070 appetendaque
1170 2970 1255 3045 coeli
1275 2996 1374 3069 gau-

219 3091 283 3166 dia
296 3090 560 3166 incitarentur.

269 3217 366 3290 Tum
394 3215 486 3315 quid
511 3215 661 3290 Damasi
690 3217 876 3294 rescrebat
895 3241 990 3290 num
1014 3217 1171 3316 repetita
1185 3243 1284 3317 saepe
1310 3224 1377 3293 aut

221 3342 336 3418 etiam
355 3366 494 3440 parum
509 3340 647 3416 stantia
666 3342 839 3417 carmina
856 3368 1135 3442 nonnunquam
1158 3351 1372 3443 usurparet,

220 3465 287 3566 qui
302 3465 406 3542 laudi
421 3492 500 3540 suae
513 3465 685 3558 minime,
699 3464 916 3541 christianis
930 3475 1058 3542 autem
1072 3468 1281 3544 commodis
1295 3470 1376 3567 plu-

220 3590 364 3665 rimum
383 3591 622 3665 consuleret?
643 3591 730 3665 Ideo
751 3592 957 3666 Damasum
982 3617 1131 3691 semper
1152 3601 1307 3691 gratum
1322 3591 1377 3666 illi

221 3717 417 3791 habebunt
447 3717 588 3816 quibus
615 3716 720 3791 cordi
740 3725 795 3790 est
818 3719 923 3816 lepor
946 3718 1155 3816 ingenuus
1169 3720 1375 3793 verborum

221 3841 405 3916 modestia
442 3849 479 3916 et
500 3843 635 3940 pudor,
676 3840 868 3940 incompta
900 3843 1092 3942 elegantia
1119 3850 1156 3919 et
1179 3843 1279 3918 altus
1315 3868 1373 3917 re-

221 3991 385 4065 rumque
411 3964 494 4064 ipsa
515 3965 765 4065 amplitudine
795 3974 929 4042 auctus
952 3966 1124 4059 animus,
1148 3974 1185 4042 et
1211 3967 1376 4067 denique

222 4091 419 4165 Musarum
435 4091 541 4164 dotes
560 4098 598 4166 et
615 4090 781 4191 insignis
803 4091 867 4166 illa
887 4091 1097 4191 disciplina
1119 4092 1266 4192 peritia,
1289 4119 1375 4193 quae

221 4240 298 4287 non
319 4216 490 4305 laudum,
514 4240 592 4288 non
607 4214 826 4291 divitiarum
846 4216 1029 4316 cupidini,
1062 4219 1127 4292 sed
1162 4218 1266 4292 omni
1288 4216 1375 4294 vita

224 4337 425 4430 sanctitati,
448 4338 514 4412 sed
528 4339 734 4429 modestiae,
753 4347 789 4414 et
804 4340 1031 4427 fortitudini,
1050 4342 1117 4416 sed
1136 4340 1266 4440 pietati
1279 4366 1375 4441 erga

223 4465 343 4538 Deum
371 4471 408 4539 et
424 4488 523 4562 erga
541 4463 717 4539 homines
747 4466 1020 4542 benevolentiae
1052 4467 1221 4542 inservit.
1262 4467 1376 4542 Cedat

220 4589 341 4688 igitur
366 4588 496 4664 multis
530 4589 715 4666 Damasus
744 4591 924 4668 facundia
963 4600 1000 4666 et
1024 4594 1230 4668 verborum
1261 4617 1375 4691 mag·
