3592 5668
888 676 931 688 ..
954 639 996 706 35
1020 676 1064 688 .-

398 777 580 873 probatur
604 778 676 851 boc
698 779 981 878 compositionis
1012 805 1157 878 geum,
1182 805 1303 878 quum
1332 788 1480 876 gentes,
1505 783 1551 855 ab

397 901 557 976 honesta
583 909 620 976 et
647 909 751 978 recta
781 903 932 979 dicendi
962 904 1024 978 via
1048 906 1254 995 flectentes
1273 906 1388 980 simul
1414 932 1438 980 a
1457 906 1552 1005 pris-

396 1025 477 1101 tina
499 1026 639 1102 virtute
655 1036 893 1104 recesserunt
905 1056 914 1118 ;
935 1036 1026 1103 tunc
1043 1028 1146 1104 enim
1169 1055 1353 1107 sensuum
1383 1031 1553 1131 gravita-

396 1158 486 1242 tem,
508 1151 739 1229 inventionis
758 1155 994 1246 electionem,
1018 1155 1294 1231 sententiarum
1317 1157 1552 1256 planitatem,

395 1279 666 1378 proprietatem
689 1283 896 1357 verborum
917 1291 953 1356 et
978 1282 1164 1357 sermonis
1182 1284 1419 1377 modestiam,
1443 1284 1551 1384 quasi

394 1412 549 1482 veterno
568 1391 788 1507 inquinatas
821 1415 857 1483 et
890 1408 1158 1508 antiquitatem
1186 1410 1412 1502 redolentes,
1445 1409 1550 1485 fasti-

392 1531 515 1624 diunt,
546 1540 582 1607 et
604 1533 781 1632 putidam
807 1535 1001 1634 quoddam
1035 1542 1072 1609 et
1097 1543 1372 1633 praeposterum
1401 1535 1550 1611 dicendi

394 1686 533 1762 genae,
562 1661 880 1762 ambitiosamque
893 1670 931 1737 et
948 1688 1093 1761 magno
1110 1662 1306 1739 molimine
1322 1663 1554 1739 elaboratam

394 1787 575 1862 carminis
605 1789 789 1888 figuram,
816 1797 1042 1864 assuescunt
1068 1788 1237 1888 exigere.
1268 1790 1360 1865 lnde
1384 1790 1554 1889 Optatia-

393 1939 466 1988 nus
489 1914 723 2014 Porphyrius
754 1941 861 2015 aegre
889 1915 1060 1990 carmina
1081 1915 1192 1990 struit
1221 1915 1364 2015 primas
1388 1917 1554 1992 medias-

392 2065 467 2139 que
495 2047 533 2114 et
562 2040 718 2115 ultimas
745 2042 999 2117 consociando
1030 2041 1188 2131 litterae,
1225 2042 1365 2141 quibus
1394 2041 1494 2117 inter
1514 2068 1555 2117 se

392 2169 642 2267 congregatis
656 2193 791 2243 versus
807 2194 925 2244 novos
946 2177 1099 2268 praestet
1111 2197 1120 2259 ;
1146 2170 1247 2261 inde,
1267 2177 1309 2245 ut
1340 2170 1466 2246 varias
1493 2197 1554 2247 re-

393 2321 481 2370 rum
501 2297 649 2395 figuras
671 2296 874 2388 describat,
893 2296 1085 2372 Ausonius
1103 2322 1237 2371 versus
1249 2298 1388 2396 longos
1403 2297 1556 2397 exiguis

393 2428 430 2496 et
461 2421 642 2496 brevibus
662 2421 830 2521 subjicit,
854 2429 890 2497 et
914 2421 968 2497 sic
983 2421 1165 2497 carminis
1180 2447 1332 2498 summa
1347 2430 1413 2498 aut
1432 2448 1552 2513 aram,

392 2555 460 2622 aut
481 2548 678 2639 vexillum,
705 2556 772 2624 aut
795 2550 964 2623 fistulam
995 2547 1162 2647 effingit;
1193 2547 1282 2622 inde
1302 2547 1416 2623 etiam
1443 2549 1555 2648 sylla-

394 2673 532 2748 barum
547 2672 647 2747 inter
662 2699 702 2748 se
717 2673 1011 2749 consonantium
1027 2699 1120 2749 usus
1134 2673 1213 2772 qui,
1234 2675 1282 2748 ab
1299 2674 1380 2773 ipso
1408 2675 1555 2748 Nasone

396 2798 488 2873 olim
519 2808 730 2899 susceptus
753 2800 991 2899 temporibus
1013 2798 1167 2874 Damasi
1196 2800 1317 2889 floret,
1347 2807 1382 2873 et
1409 2797 1555 2874 cunctis

394 2926 549 3025 placens
567 2950 679 3001 aures
704 2951 801 3000 novo
825 2933 1014 3000 concentu
1033 2926 1236 3000 demulcet.
1259 2925 1380 3012 Quem
1404 2925 1551 3023 etipse,

396 3058 439 3126 ut
452 3051 553 3126 infra
564 3051 792 3140 videbimus
812 3052 998 3127 Damasus
1018 3076 1095 3125 non
1115 3050 1250 3150 rejicit.
1275 3093 1323 3106 -
1337 3053 1383 3124 At
1393 3075 1553 3149 praeser-

394 3179 464 3254 tim
483 3203 626 3254 novum
642 3180 756 3278 plane
775 3186 811 3253 et
830 3179 933 3278 apud
954 3177 1182 3253 christianos
1207 3176 1334 3252 adbuc
1360 3175 1555 3251 insolitum

396 3304 613 3382 carminum
643 3330 769 3404 genus
786 3304 946 3379 tentavit
965 3331 972 3380 :
996 3304 1153 3379 collecta
1168 3304 1271 3378 enim
1287 3303 1450 3393 diverse,
1472 3301 1557 3402 qui-

394 3432 467 3506 bus
480 3430 582 3530 apud
602 3429 923 3506 Hebraicosvates
938 3438 974 3504 et
991 3430 1187 3529 Apostolos
1198 3427 1412 3527 significari
1427 3427 1555 3502 Chris·

395 3564 456 3631 tus
485 3557 591 3646 solet,
614 3555 772 3630 nomina
798 3555 967 3631 metricis
987 3556 1140 3655 legibus
1173 3554 1327 3652 aptavit,
1345 3556 1556 3653 brevesque

394 3681 525 3782 longis
543 3681 750 3782 subjiciens
762 3682 939 3781 syllabae,
954 3684 1143 3782 hymnum
1157 3679 1293 3754 Christi
1310 3681 1347 3753 in
1369 3682 1553 3755 bonorem

397 3806 622 3905 composuit.

447 3933 555 4022 Quod
573 3933 604 4007 si
620 3932 779 4032 legeriS,
798 3931 977 4032 perfacile
993 3931 1132 4006 senties
1153 3939 1342 4033 quantum
1358 3956 1381 4004 a
1395 3929 1557 4028 pristina

399 4059 524 4160 gloria
538 4060 773 4158 temporibus
790 4058 942 4133 Damasi
966 4059 1212 4133 descivissent
1224 4057 1371 4149 litterae,
1389 4064 1554 4156 quanta-

397 4209 472 4284 que
489 4183 573 4258 labe
591 4183 782 4257 Romanos
799 4182 979 4281 frequens
1001 4206 1089 4255 cum
1113 4180 1286 4266 barbaris
1320 4180 1553 4254 consuetudo

392 4309 599 4385 infecisset.
631 4309 854 4384 Gaudebant
887 4306 990 4382 enim
1014 4305 1195 4381 Germani
1211 4306 1392 4381 orationis
1419 4307 1552 4380 amba-

396 4435 512 4535 gibus
530 4442 566 4509 et
586 4434 751 4526 solertia,
766 4432 992 4533 ingeniique
1007 4431 1263 4523 acuminibus,
1281 4440 1318 4506 et
1345 4432 1551 4506 verborum

395 4561 504 4662 quasi
537 4559 744 4661 praestigiis
770 4559 1071 4648 delectabantar;
1093 4583 1213 4658 quum
1238 4584 1328 4633 vero
1353 4558 1484 4632 multis
1504 4559 1553 4632 ab

394 4688 506 4763 annis
526 4687 640 4787 juxta
659 4687 849 4762 Rememos
886 4687 1069 4760 bellantes
1085 4710 1255 4760 summos
1275 4707 1374 4783 saepe
1390 4686 1554 4759 bonores
