3592 5668
726 636 904 702 ..27-

240 775 341 850 ri'osa
357 798 476 847 monu
501 775 650 850 evolve*
673 775 799 862 Quom
819 777 1000 875 prudens
1023 799 1139 874 quom
1163 799 1285 875 sagax
1299 779 1398 876 pris-

240 901 408 976 tinorum
450 907 648 1000 postorum
676 903 847 978 carmina
876 903 947 976 sibi
982 902 1161 994 vindicet,
1190 911 1396 980 eteorum

240 1026 350 1126 quasi
375 1025 545 1125 publicos
574 1052 708 1101 versus
737 1027 872 1127 lepidis
895 1027 1088 1128 juncturis
1122 1053 1210 1104 suos
1231 1031 1396 1129 etquosi

241 1177 358 1227 novos
374 1152 484 1228 sooit!
510 1153 613 1227 Utin
633 1153 905 1252 componendis
919 1153 1153 1228 carminibus
1164 1155 1398 1254 jungendis·

240 1299 315 1373 que
329 1297 511 1348 versuum
519 1275 691 1350 numeris
706 1276 892 1374 magister
917 1279 1059 1353 exstet!
1078 1276 1186 1351 Gonit
1205 1277 1393 1368 SeduliuS,

244 1424 380 1498 neque,
399 1399 497 1473 sicut
507 1400 527 1474 J
531 1425 712 1493 uvencuS,
723 1409 867 1491 narrat,
878 1426 948 1478 nco
958 1401 1128 1476 carmine
1139 1403 1241 1476 lento
1258 1428 1400 1480 crosno

241 1525 538 1601 christianorum
568 1528 713 1625 pandit,
739 1529 805 1604 sed
823 1527 932 1627 quasi
955 1528 1077 1604 soluto
1097 1529 1190 1626 pede
1212 1529 1394 1626 procedit,

242 1656 278 1724 et
294 1648 518 1724 eruditionis
537 1649 718 1726 verietate
735 1651 852 1740 diveS,
866 1652 992 1750 lepore
1012 1657 1048 1724 ct
1065 1650 1195 1727 laetitio
1209 1652 1398 1728 sermonis

242 1775 453 1850 concinnus
472 1777 667 1874 probatur.

290 1905 480 1994 Attamen,
506 1903 680 2001 quemvis
699 1927 745 1978 ex
766 1928 899 1980 corum
932 1902 1168 1978 carminibus
1187 1905 1400 2002 deprehen-

243 2028 456 2105 dereliceat
476 2029 618 2104 nullius
647 2029 829 2128 ingenuae
848 2028 940 2103 ortis
969 2029 1167 2104 scientiam
1184 2055 1256 2104 nec
1277 2030 1399 2103 Sedu-

243 2153 306 2242 lio,
325 2179 395 2228 nco
414 2155 596 2245 Juvenco,
619 2180 688 2231 nco
703 2155 833 2230 multis
855 2155 938 2229 aliis
954 2155 1054 2230 inter
1067 2155 1294 2232 christianos
1312 2180 1401 2253 poe-

238 2275 292 2362 ,tis
310 2274 488 2368 defuisse,
510 2277 685 2374 quemvis
703 2301 802 2375 saepe
830 2276 977 2352 viribus
1002 2276 1154 2375 ingenii
1171 2341 1173 2350 ,
1190 2276 1398 2375 conspicui,
1462 2337 1465 2346 ,

245 2410 281 2478 et
298 2403 397 2478 miro
423 2402 537 2476 etiam
553 2411 634 2479 orte
664 2403 702 2476 in
727 2402 999 2501 componendis
1017 2401 1191 2476 versibus
1211 2401 1400 2499 insignes,

245 2536 373 2604 tomen
388 2527 443 2602 nil
464 2528 613 2626 magni,
637 2528 691 2602 nil
710 2527 882 2626 praeclori
896 2527 1005 2603 nobis
1026 2527 1281 2610 tradiderunt:
1299 2551 1404 2601 nunc

247 2655 371 2755 ignoti
394 2655 526 2755 jacent
545 2663 582 2730 et
601 2663 730 2732 nostro
751 2665 862 2733 aetate
889 2656 1066 2754 neglecte
1104 2679 1238 2731 eorum
1276 2655 1402 2729 exole-

246 2783 301 2857 vit
332 2782 531 2858 memorio.
565 2783 632 2858 Pio
661 2781 845 2856 carminis
872 2781 932 2856 sui
964 2805 1094 2855 omore
1125 2782 1304 2878 deceptus
1335 2780 1403 2854 Ju-

248 2933 390 2984 vencus
416 2909 578 2983 clamat:

366 3115 464 3178 Nobis
480 3119 566 3180 certa
583 3113 659 3177 fides
673 3120 799 3178 aeternae
813 3115 847 3176 in
864 3113 978 3176 saecula
999 3111 1102 3176 laudis

368 3223 549 3284 immortale
564 3224 661 3286 decus
676 3222 805 3298 tribuet,
822 3223 1036 3302 meritumque
1051 3221 1243 3301 rependet¹t

302 3411 373 3485 Sed
388 3411 549 3486 frustra:
565 3410 650 3510 quis
661 3418 849 3502 nostrum,
860 3410 946 3510 quis
960 3436 1063 3486 nunc
1074 3410 1159 3511 cjus
1171 3409 1308 3486 evolvit
1319 3435 1404 3509 opc·

252 3545 322 3614 rs‘?
337 3537 422 3637 quis
434 3537 518 3637 ejus
538 3537 722 3627 carmine,
739 3537 914 3636 quemvis
932 3537 1020 3611 olim
1044 3537 1092 3612 ob
1116 3536 1347 3636 Hieronymo
1370 3544 1405 3611 et

253 3665 459 3738 Fortunato
480 3662 700 3764 Isidoroquc
717 3662 946 3762 Hispaneusi
974 3661 1166 3752 leudstc²,
1191 3661 1406 3738 sustineat?

252 3790 290 3864 Si
305 3790 457 3888 quondo
470 3788 585 3864 etiem
600 3813 734 3862 eorum
751 3788 897 3865 codices
913 3790 1145 3880 evolvamus
1166 3794 1317 3886 poetam
1329 3809 1406 3862 non

255 3939 402 4014 pcemc,
423 3915 597 4014 opificem
625 3940 701 3990 non
728 3940 824 4013 opus
842 3914 1043 4006 miremur,
1069 3921 1135 3990 sut
1158 3914 1282 4012 potius
1308 3911 1409 3986 illius

255 4042 483 4117 miseremur
494 4069 503 4130 ;
522 4065 613 4114 nom
633 4040 1058 4140 doctrinopraestnntcS,
1080 4041 1278 4139 probando
1305 4062 1404 4135 scope

291 4373 314 4416 1.
332 4363 444 4417 iuvenci
456 4365 581 4429 Eoonqel.
595 4365 690 4417 histor.
702 4363 826 4432 presan,
838 4377 906 4416 vers.
924 4365 966 4426 25,
986 4372 1029 4417 26.

290 4449 315 4502 2.
334 4448 424 4503 Sancti
434 4449 590 4519 Hieronymi
600 4451 633 4502 dc
646 4452 714 4501 Viris
723 4449 838 4514 illustr„
849 4461 907 4516 cap.
921 4462 1034 4500 cxxxiv.
1052 4475 1083 4486 -
1100 4445 1411 4511 circummunit

256 4548 314 4604 cop.
331 4549 363 4598 u,
381 4534 397 4600 s
412 4541 453 4597 11,
473 4563 505 4572 -
523 4535 682 4594 chronicon,
696 4531 730 4586 od
749 4546 813 4588 oon.
829 4531 939 4586 Domini
956 4539 1014 4588 332.
1034 4561 1067 4572 -
1085 4531 1224 4588 Fortunati
1245 4535 1304 4586 Vita
1323 4536 1412 4584 sancti

258 4623 381 4684 Martini,
401 4621 430 4674 in
445 4613 559 4690 princip,
584 4620 705 4686 (Potrcl.
722 4618 782 4679 lot,
801 4622 819 4669 t.
837 4617 1006 4683 LXXXVIH).
1027 4647 1060 4665 ’-
1076 4615 1169 4672 Isidori
1190 4616 1361 4688 Hispanensis
1385 4620 1413 4673 tn

257 4707 421 4761 Bibliotheca
432 4720 526 4760 versus
536 4706 656 4770 (Patrcl.
667 4706 761 4764 lat.,t.
777 4704 927 4770 Lxxxul).
1087 4717 1090 4722 ’
