3592 5668
750 613 927 680 ...χ-ι.-

263 759 350 830 dem
365 754 505 828 fidibus
530 760 710 852 aptarunt
728 777 853 853 nuper
866 752 1269 830 salsorum-'numinum
1297 754 1337 830 in
1354 755 1421 828 ho-

263 907 396 957 norem
419 879 577 980 pulsatis
593 879 617 952 ¹.
692 917 695 922 ·
1309 892 1311 906 ·

311 1010 394 1100 Hic,
417 1009 527 1108 cujus
538 1031 679 1086 nomen
697 1007 886 1086 oblivione
897 1008 1086 1100 obruitur,
1098 1008 1291 1084 Christum
1312 1033 1415 1083 sum·

261 1161 445 1211 macroce
457 1141 626 1210 arcetum
637 1133 908 1212 etchristianos
921 1134 1030 1234 quasi
1042 1133 1416 1232 alloquentemindu-

261 1261 329 1337 cit²
345 1289 352 1336 :
366 1267 458 1360 quot
477 1267 514 1336 et
527 1268 672 1360 quanta
690 1287 759 1359 pro
774 1260 996 1336 hominihus
1010 1259 1059 1334 sit
1072 1279 1219 1357 passus
1244 1285 1320 1358 quo
1338 1265 1414 1334 noir

261 1387 604 1477 exercitusdolore,
624 1385 1025 1490 cujusignarusmali!
1037 1385 1415 1483 Confidantergoho·

260 1513 395 1607 mines
406 1519 586 1612 tantaque
599 1512 842 1610 inspicientes
857 1513 970 1602 mala,
982 1513 1153 1586 humana
1162 1509 1411 1608 pa'tidiscant,

259 1639 417 1738 parique
434 1638 574 1712 virtute
594 1637 755 1712 domitas
781 1637 820 1710 in
847 1637 959 1712 corde
976 1636 1153 1710 libidines
1177 1637 1409 1727 contineant,

257 1761 494 1862 victoresque
510 1763 1075 1862 coelcstemaulerantpalmam.
1096 1763 1155 1837 Sic
1170 1762 1308 1838 Christi
1322 1787 1412 1837 voce

257 1896 294 1963 ct
315 1890 500 1988 exemplo
520 1889 738 1964 christianis
763 1888 938 1964 animum
959 1887 1064 1964 addit
1094 1895 1216 1988 poeta,
1238 1895 1274 1963 et
1293 1887 1411 1962 nobili

257 2013 427 2089 carmine
451 2029 605 2114 omnem
625 2015 908 2112 scripturarum
923 2014 1136 2090 doctrinam
1151 2021 1187 2090 et
1202 2016 1310 2114 quasi
1325 2042 1412 2092 suc-

256 2165 345 2214 cum
364 2140 555 2246 exprimit.
715 2155 718 2162 '
1203 2129 1218 2154 ”

307 2267 372 2340 llle
387 2267 543 2365 (nornen
563 2268 646 2367 ejus
661 2273 813 2367 q'uoque
846 2267 1048 2358 intercidit)
1080 2269 1201 2344 Deum
1232 2268 1336 2343 canit
1367 2275 1411 2344 'et

255 2418 340 2492 qum
361 2393 400 2465 in
416 2393 591 2467 homines
611 2393 771 2469 contulit
784 2393 982 2485 beneficia,
998 2394 1260 2493 virentemque
1280 2396 1409 2470 laudat

254 2547 342 2596 vera
361 2523 543 2597 redeunte
564 2527 719 2611 terram,
738 2545 832 2596 uvas
848 2529 1005 2596 nectare
1022 2528 1231 2612 tumentcs3
1248 2523 1408 2598 flavam-

254 2673 408 2748 queper
436 2651 590 2746 campos
615 2647 812 2720 messem3.

301 2773 419 2866 Alius,
434 2781 477 2846 ut
498 2799 565 2872 par
588 2772 778 2870 agricolas
802 2771 1049 2847 christianam
1073 2773 1405 2877 diffundalfidem‚

252 2904 403 2997 arrepta
422 2898 536 2997 pestis
554 2897 750 2972 occasione
769 2912 854 2996 quae
875 2921 943 2996 per
974 2897 1180 2996 Belgarum
1198 2907 1235 2974 et
1259 2900 1406 3000 lllyrio-

252 3052 339 3100 rum
358 3025 720 3123 Pannoniorumque
735 3025 830 3098 lines
860 3025 934 3098 late
953 3028 1282 3124 omno·peoudum
1309 3036 1408 3106 stra-

251 3159 357 3227 verat
384 3147 508 3251 gen‘us
524 3151 548 3240 ⁴,
568 3149 691 3224 crucis
711 3149 816 3247 signi
833 3149 1013 3224 virtutem
1036 3150 1137 3224 canit
1155 3177 1240 3251 quae
1269 3179 1405 3252 peoora

252 3277 299 3352 ab
326 3275 439 3350 exitio
469 3276 648 3349 vindicat.
681 3275 849 3349 ‘Maronis
876 3299 1036 3350 canoras
1066 3277 1174 3375 quasi
1211 3279 1402 3378 excipiens

252 3402 359 3493 fidon,
377 3402 612 3499 disputantes
628 3402 727 3475 inter
746 3426 785 3475 se
803 3407 972 3499 pastores
996 3400 1153 3493 inducit,
1187 3404 1402 3506 amissaque

252 3527 384 3600 morbo
403 3551 539 3625 peoora
551 3527 742 3624 lugentes
760 3531 796 3599 et
811 3525 937 3600 morbiv
950 3524 1064 3623 signa
1074 3526 1283 3627 mortisque
1298 3529 1400 3606 viam

252 3677 328 3725 non
352 3651 434 3725 sine
461 3650 640 3748 lacrymis
660 3650 759 3724 inter
786 3675 834 3723 sc·
848 3657 1060 3724 narrantes
1080 3651 1251 3738 Quorum
1272 3661 1400 3732 tamen

250 3804 339 3855 mox
373 3779 508 3854 allevat
527 3802 639 3850 curas
664 3777 822 3876 quidam
861 3777 961 3851 inter
995 3777 1230 3854 christicolas
1257 3789 1396 3878 pastor,

282 4173 305 4219 1.
324 4163 460 4231 sedulius,
475 4169 561 4232 Epist.
576 4165 692 4218 dedicat.
703 4167 740 4217 ad
754 4167 894 4223 Macedon.
911 4195 945 4206 -
959 4167 1085 4229 ozanam,
1097 4169 1126 4220 la
1139 4169 1315 4231 dtotltsattom
1329 4173 1350 4223 t.
1370 4173 1393 4224 ll

267 4291 272 4303 .
302 4261 343 4311 no,
357 4257 414 4304 230.

246 4267 264 4322 p
280 4261 304 4390 2².
321 4336 460 4406 Anonymi
474 4339 506 4390 de
517 4341 643 4390 Passieno
655 4341 760 4390 Domina·
769 4339 883 4405 (Potrol.
898 4340 959 4400 lat„
974 4341 992 4389 t.
1008 4339 1063 4400 Vll,
1076 4335 1125 4391 ool.
1139 4346 1187 4391 aaa
1196 4341 1216 4403 ).

282 4431 307 4477 3.
325 4422 461 4493 Anonymi
477 4425 510 4476 de
521 4425 658 4476 Laudibus
670 4427 778 4477 Domini
791 4425 915 4489 (Patrol.
929 4423 988 4488 lat,
1002 4428 1023 4476 t.
1038 4425 1105 4486 XIX,
1123 4423 1175 4476 col.
1191 4425 1263 4491 380).

282 4516 307 4562 4.
325 4509 419 4564 Rufini
438 4513 467 4562 tn
487 4511 586 4564 Erotes.
607 4511 702 4564 histor.
720 4515 832 4576 proefat.
856 4512 976 4577 (Potrol.
998 4512 1059 4573 lat,
1083 4514 1101 4562 t.
1120 4511 1189 4575 XXI,
1214 4510 1263 4566 col.
1281 4515 1354 4581 tot).
1367 4531 1398 4554 -’-

248 4594 338 4648 Sancti
356 4592 491 4649 Ambrosii
509 4599 652 4648 dommi.
666 4598 694 4648 io
713 4599 820 4656 Lucam,
835 4592 884 4647 lib.
902 4596 933 4656 X,
947 4610 1004 4665 cap.
1022 4609 1081 4659 xxi,
1092 4609 1162 4650 vers.
1180 4601 1323 4666 9(Potrol.
1338 4601 1398 4664 lot,

246 4681 269 4730 t.
279 4681 342 4745 xv).
