3592 5668
745 623 922 692 ..53-

259 755 311 831 nil
341 767 478 856 praeter
507 787 647 860 panem
664 772 711 839 et
742 763 932 840 circenses
963 765 1168 863 respiceret
1185 774 1232 841 et
1258 767 1414 866 magnis

257 885 488 961 clamoribus
522 889 660 964 bestias
693 890 910 965 christianis
949 890 1116 990 quotidie
1155 893 1410 968 denuntiaret.

256 1009 407 1110 Vulgus
425 1019 552 1089 tamen
574 1016 669 1091 illud
690 1042 810 1116 quum
830 1042 996 1116 aegrum,
1019 1018 1232 1094 sauciatum
1248 1027 1283 1094 et
1304 1019 1413 1093 inva-

257 1135 378 1211 lidum
408 1142 574 1238 pervias
604 1143 763 1241 jaceret,
797 1143 837 1216 in
857 1143 1022 1241 hospitia
1051 1149 1139 1218 sua¹
1174 1144 1412 1244 excipiebant

250 1264 453 1340 christiani
473 1275 510 1342 et
524 1268 748 1343 suavissime
763 1270 971 1358 curabant;
995 1269 1187 1367 principes
1202 1278 1329 1345 autem
1345 1299 1413 1370 pa-

258 1392 464 1490 ganorum,
481 1402 518 1469 et
548 1403 636 1470 ante
665 1420 798 1470 omnes
829 1395 1015 1487 Galerius,
1054 1421 1211 1495 egenos,
1234 1422 1343 1474 senes
1377 1408 1413 1474 et

256 1543 382 1617 aegros
399 1521 438 1594 in
461 1546 598 1596 navem
617 1505 824 1620 impositos,
843 1522 1018 1621 demergi
1033 1522 1233 1620 jubebant.

305 1646 432 1733 Quum
455 1656 631 1723 sanctum
649 1649 912 1740 Saturninum,
930 1649 1206 1748 Eutycbiumve
1227 1657 1294 1724 aut
1312 1649 1411 1724 Lau-

256 1773 447 1847 rentium²
466 1775 595 1850 laudat
613 1776 811 1864 Damasus,
828 1774 987 1849 infanda
1001 1776 1139 1874 quibus
1154 1774 1246 1850 recti
1261 1782 1411 1850 tenaces

256 1908 382 1975 essent
412 1901 605 1976 dilacerati
630 1901 827 1976 christiani
854 1908 1062 1992 tormenta,
1094 1902 1175 1976 baeo
1201 1903 1250 1976 ad
1280 1902 1410 1976 vivum

256 2050 346 2099 sane
362 2027 539 2125 exprimit
555 2054 563 2101 :
581 2053 752 2102 carceres
767 2052 883 2126 quam
898 2027 1041 2102 coenosi
1062 2034 1098 2102 et
1113 2027 1253 2125 spurci,
1264 2053 1410 2125 praesu-

256 2153 308 2225 les
328 2160 471 2252 quanta
488 2153 632 2228 efferati
648 2153 766 2243 rabie,
783 2178 900 2252 quam
916 2155 1071 2227 solertes
1096 2152 1210 2228 etiam
1225 2154 1274 2228 ad
1289 2154 1411 2227 cbris-

255 2277 376 2352 tianos
399 2278 591 2353 diuturnis
620 2287 656 2354 et
675 2279 882 2379 exquisitis
912 2278 1138 2354 cruciandos
1166 2278 1361 2377 suppliciis
1382 2278 1406 2352 ³.

254 2403 330 2477 Nec
353 2404 454 2492 ficta,
481 2430 550 2479 nec
578 2416 681 2504 vaga
710 2406 848 2480 tradita
868 2407 983 2494 fama,
1004 2407 1070 2480 sed
1090 2431 1175 2506 quae
1203 2429 1292 2480 vere
1320 2411 1410 2479 sunt
1479 2447 1480 2454 1

253 2528 353 2626 passi
392 2536 622 2628 martyresa
649 2532 810 2606 Damaso
835 2531 1056 2629 accipimus
1081 2538 1118 2605 et
1148 2530 1240 2630 quid
1264 2531 1410 2605 crucia-

253 2662 376 2745 tuum,
398 2655 491 2753 quid
512 2655 659 2730 funeris
682 2681 820 2755 genus,
838 2657 930 2755 quid
953 2655 993 2728 in
1016 2680 1166 2730 summo
1189 2655 1408 2732 discrimine

251 2805 274 2853 a
305 2804 455 2878 quoque
486 2788 665 2878 gestum,
698 2788 799 2855 certo
832 2781 1046 2856 testimonio
1073 2780 1247 2854 conscius
1278 2781 1404 2856 refert.

225 2975 228 2979 .
253 2907 357 3003 Saepe
382 2905 616 2979 carminibus
636 2905 715 2980 suis
738 2906 965 2981 christianos
990 2906 1089 2979 inter
1113 2931 1152 2979 se
1178 2905 1313 2980 fratres
1334 2914 1408 2981 tes-

252 3038 403 3106 tatur'et
417 3032 526 3130 quasi
546 3031 890 3132 consanguinitatis
901 3032 990 3131 jure
1006 3033 1252 3120 colraerentes‚
1269 3056 1408 3131 eosque

250 3156 341 3255 quia
356 3156 531 3231 homines
545 3165 648 3248 sunt,
666 3183 874 3257 germanos
891 3157 1071 3257 praedicat
1084 3158 1109 3230 ⁴.
1128 3157 1236 3244 Quod
1251 3155 1406 3256 quidem

250 3281 349 3356 inter
387 3308 561 3382 paganos
599 3284 794 3359 confessus
833 3291 914 3359 erat
959 3308 1071 3358 nemo
1108 3310 1117 3358 :
1154 3284 1318 3383 paganis
1352 3284 1406 3359 nil

249 3415 386 3506 praeter
409 3409 609 3483 dominum
632 3417 668 3484 et
693 3435 846 3484 servum
868 3417 962 3501 erat,
986 3417 1124 3508 praeter
1144 3410 1266 3484 civem
1285 3418 1321 3485 et
1342 3437 1407 3509 pe-

249 3534 455 3632 regrinum
474 3534 587 3624 nibil;
616 3535 756 3626 virum,
781 3547 952 3628 uxorem,
975 3534 1286 3633 patremfamilias
1306 3561 1406 3612 *cum

282 3934 305 3980 1.
324 3930 361 3983 De
372 3927 458 3991 Bassi,
478 3929 576 3982 Bullet.
598 3929 758 3994 arcrrony„
771 3943 834 3981 anu.
854 3934 928 3992 1666,
948 3933 979 3981 n⁰
993 3926 1097 3995 ultim.;
1118 3941 1182 3980 ann.
1199 3932 1272 3990 1666,
1289 3932 1320 3979 n⁰
1332 3932 1356 3980 3.
1371 3955 1404 3966 -

245 4012 392 4082 Martiguy,
413 4013 549 4066 Dictionn.
572 4013 618 4064 dea
641 4017 728 4080 antiq.
754 4013 935 4079 ctrctrenner,
955 4011 1029 4065 verb.
1050 4013 1206 4080 depilatae,
1232 4013 1402 4080 Hospitalttt,

245 4115 272 4168 p.
286 4103 346 4162 669,
360 4103 419 4158 666,
432 4103 491 4160 691,
505 4106 563 4150 roa.

278 4193 303 4237 6.
320 4185 410 4238 Sancti
423 4183 529 4237 Damasi
542 4187 678 4246 carmina,
692 4199 749 4247 xiv,
763 4198 831 4250 xvn,
844 4198 890 4236 xx.

280 4273 304 4319 3.
325 4266 420 4320 Sancti
435 4267 543 4323 Damasi
557 4269 698 4321 desereto
711 4270 851 4336 Eutychio,
869 4283 976 4321 carmen
988 4283 1056 4332 xvn,
1075 4281 1143 4321 vers.
1160 4275 1186 4333 6,
1206 4271 1231 4329 l,
1249 4275 1307 4329 6,6.
1321 4294 1353 4304 -
1365 4271 1404 4320 De

244 4359 336 4406 sancto
348 4357 502 4414 saturnino,
521 4368 629 4406 carmen
648 4369 697 4417 xx,
713 4369 781 4407 vers.
804 4363 827 4408 6.
848 4384 880 4394 -
899 4360 939 4408 De
951 4360 1046 4407 sancta
1070 4358 1176 4420 dynato,
1192 4366 1302 4405 carmen
1319 4367 1396 4417 xxix,

245 4454 312 4492 vers.
329 4443 355 4492 l.
370 4443 454 4492 -Da
467 4440 704 4505 sancrosancta,
724 4454 833 4492 carmen
853 4454 918 4504 xxx,
938 4453 1008 4492 vers.
1026 4447 1052 4503 9,
1075 4447 1115 4502 16,
1137 4448 1176 4492 16.
1194 4468 1227 4476 -
1250 4443 1288 4490 De
1300 4443 1401 4492 sanctis

244 4527 411 4592 martyribus
421 4526 587 4591 Chrysermo
598 4530 623 4578 et
635 4529 731 4590 Dorta,
742 4540 850 4579 carmen
858 4539 955 4591 xxvio,
968 4540 1036 4578 vers.
1049 4531 1073 4587 ³,
1083 4531 1108 4578 4.

278 4617 303 4665 4.
321 4610 413 4664 Sancti
425 4609 532 4663 Damasi
546 4612 579 4663 da
592 4615 691 4664 sancto
704 4615 861 4674 saturatae,
874 4626 981 4665 cumea
992 4626 1040 4672 xx,
1051 4625 1118 4666 vers.
1134 4619 1158 4674 6,
1173 4617 1197 4663 3.
1211 4640 1243 4650 -
1255 4613 1401 4664 Dclncerto

243 4701 363 4763 martyre
375 4700 472 4758 Gracc,
487 4710 595 4750 carmen
607 4711 675 4758 nn,
685 4711 752 4749 vers.
766 4706 791 4760 6,
808 4700 830 4747 6.
