3592 5668
915 621 1092 688 ..65-

432 763 626 838 debilitata
662 761 868 860 frangitur.
924 762 973 836 Ut
1005 764 1107 862 apud
1145 762 1296 836 Livium
1335 763 1465 836 nullus
1506 762 1584 836 sive

431 891 511 967 dux
544 895 632 962 ante
654 887 789 977 aciem,
814 886 893 962 sive
913 887 1024 962 Pater
1055 887 1095 960 in
1125 887 1233 962 ouria
1264 887 1472 979 inducitur,
1489 887 1580 985 quin

431 1015 620 1112 extemplo
634 1013 675 1088 in
690 1013 860 1112 aliquam
884 1012 1096 1087 orationem
1112 1013 1360 1112 accingatur;
1380 1013 1433 1087 ita
1452 1011 1581 1086 omnia

430 1142 533 1239 apud
563 1139 815 1215 Prudentium
839 1146 984 1214 scatent
1007 1140 1254 1229 orationibus,
1280 1147 1318 1214 et
1336 1164 1483 1233 omneS,
1507 1136 1582 1211 sive

430 1265 570 1340 addicti
578 1265 777 1340 tormentis
791 1264 1004 1356 christiani,
1019 1263 1097 1338 sive
1110 1265 1292 1339 cathedra
1305 1263 1476 1339 insidens
1490 1289 1584 1361 prae-

429 1391 500 1480 sul,
525 1416 651 1466 vanas.
671 1390 852 1464 continuo
885 1390 1096 1466 moliuntur
1124 1391 1327 1484 orationeS,
1362 1391 1503 1490 quibus
1536 1392 1581 1465 de

431 1516 656 1615 garrulitate
669 1516 919 1615 potiusquam
933 1517 980 1590 de
991 1515 1206 1615 eloquentia
1215 1521 1359 1590 certare
1371 1517 1578 1591 videntur¹.

430 1640 467 1714 Si
493 1642 628 1716 saltem
653 1641 737 1730 has,
773 1640 912 1739 quibus
942 1640 1088 1739 gaudet
1117 1641 1319 1731 orationes,
1337 1643 1579 1732 Prudentius,

431 1765 662 1860 inventionis
680 1765 873 1859 electione,
906 1765 1092 1864 exquisito
1121 1769 1327 1842 verborum
1359 1770 1465 1842 cultu
1500 1792 1584 1840 sen-

431 1893 714 1992 tentiarumque
731 1894 857 1967 colore
877 1899 914 1967 et
927 1893 1139 1969 luminibus
1154 1898 1373 1970 exornaret!
1391 1897 1437 1969 At
1451 1899 1582 1967 contra

428 2018 581 2093 attritus
599 2027 636 2094 et
654 2019 796 2094 frustra
818 2026 982 2117 turgens
998 2044 1063 2094 eas
1079 2021 1188 2095 tarda
1207 2028 1243 2094 et
1262 2019 1374 2123 inerti
1392 2026 1581 2094 structura

428 2144 593 2237 conficit,
614 2152 651 2218 et
667 2144 764 2218 nihil
781 2143 854 2217 nisi
882 2145 1061 2243 vulgaria
1087 2153 1124 2220 et
1145 2145 1320 2238 contrita,
1345 2171 1432 2244 quae
1455 2151 1581 2219 tamen

430 2270 655 2369 ingentibus
673 2269 800 2343 verbis
820 2270 1077 2368 prosequitur,
1105 2278 1293 2369 praecepta
1311 2271 1439 2346 tradit.
1471 2271 1582 2358 Ferre

430 2417 652 2470 recusamus
670 2394 742 2468 ista
768 2393 950 2492 impedita
974 2395 1192 2483 orationum
1215 2396 1350 2494 spatia,
1375 2395 1516 2494 quibus
1530 2393 1585 2467 nil

431 2520 520 2596 novi
562 2521 721 2595 affertur
751 2525 788 2593 et
816 2545 903 2618 qua
938 2520 1054 2595 etiam
1089 2547 1178 2596 vero
1210 2521 1440 2609 abhorrent;
1481 2544 1584 2609 nam,

431 2671 552 2745 quum
568 2647 653 2745 jam
671 2644 838 2719 flammis
856 2645 967 2720 vivus
981 2648 1226 2737 lamberetur,
1243 2671 1365 2745 quum
1389 2647 1515 2720 defixa
1546 2644 1583 2717 in

431 2799 472 2848 se
500 2779 658 2847 cruenta
688 2773 858 2846 serarum
882 2772 1047 2863 lumina,
1083 2772 1259 2848 strictove
1290 2797 1380 2847 cum
1404 2793 1586 2846 mucrone

430 2892 652 2970 carnificem
678 2891 900 2990 adspiceret,
916 2892 1003 2990 quis
1018 2918 1190 2992 unquam
1212 2894 1392 2967 intereos
1419 2891 1486 2990 qui
1520 2913 1585 2989 pro

430 3018 579 3094 Christo
610 3017 712 3116 passi
740 3023 843 3107 sunt,
870 3017 1084 3092 adstantem
1112 3018 1297 3115 populum
1329 3017 1381 3092 sic
1410 3015 1522 3091 affari
1548 3014 1584 3086 in

430 3144 560 3219 animo
575 3141 798 3216 habuisset?
813 3141 893 3214 lmo
908 3167 998 3216 vero
1019 3141 1165 3220 intenta
1178 3144 1273 3217 coelo
1300 3143 1480 3217 tenebant
1507 3166 1583 3228 ora,

430 3276 507 3345 toto
521 3276 670 3367 pectore
686 3269 806 3341 Deum
821 3267 996 3341 morituri
1007 3269 1332 3359 exorabant,etad
1349 3266 1493 3367 gaudia
1503 3264 1586 3341 coeli

430 3393 539 3495 quasi
556 3393 641 3492 jam
673 3391 876 3492 prasentia
897 3393 1130 3468 nitebantur.
1161 3393 1232 3484 Sic,
1262 3395 1365 3492 apud
1399 3391 1585 3490 Hispanos

432 3519 606 3618 pictoreS,
629 3519 848 3618 frequenter
875 3517 1063 3617 inspicere
1095 3519 1261 3594 solemus
1279 3519 1499 3596 5monachos
1525 3513 1586 3588 vix

432 3644 570 3743 pannis
590 3644 751 3718 etcilice
769 3643 935 3734 indutos,
957 3642 1091 3734 macie,
1102 3643 1266 3741 jejunio,
1293 3650 1330 3717 et
1344 3642 1495 3741 ingenti
1521 3640 1584 3715 Dei

435 3795 564 3845 amore
589 3770 793 3860 consectoS,
810 3769 889 3866 qui,
909 3769 1093 3843 consertis
1106 3769 1253 3866 digitis,
1269 3768 1408 3866 pallido
1440 3793 1505 3842 ore
1527 3792 1586 3842 ar-

434 3895 685 3995 dentibusque
700 3893 910 3970 luminibus
925 3893 965 3967 in
979 3895 1074 3970 ooelo
1088 3894 1334 3983 haerentibus,
1357 3893 1395 3967 in
1424 3892 1585 3967 sublime

365 4119 366 4122 Ἴ
436 4021 596 4121 jamjam
617 4019 815 4102 ascensuri
830 4017 1021 4092 videntur.

483 4147 599 4222 Vanae
626 4144 784 4246 quidem
818 4143 1015 4220 Prudentii
1046 4144 1252 4236 facundiae,
1285 4151 1323 4219 et
1356 4143 1462 4218 inani
1491 4168 1587 4241 sape

474 4524 497 4568 1.
517 4517 584 4584 Lege
595 4513 668 4567 euim
679 4527 747 4582 quos
760 4511 789 4565 in
803 4511 952 4578 Laurentii,
964 4510 1085 4577 Eulalia,
1100 4513 1243 4579 vincentii,
1257 4513 1372 4578 Quirini,
1389 4513 1510 4575 Romani,
1529 4513 1590 4581 llipae

438 4601 525 4672 polyti
548 4598 694 4668 ctlgnetis
719 4596 848 4653 honorem
869 4596 1026 4667 conscripsit
1050 4612 1143 4652 versus
1157 4597 1330 4662 Prudentius,
1343 4602 1370 4650 ct
1393 4611 1476 4666 quam
1488 4597 1522 4649 sit
1534 4611 1590 4650 ora-

436 4684 558 4739 tionibus
572 4683 672 4749 creber,
685 4681 760 4738 facilc
773 4681 915 4752 intelliges»
