3592 5668
907 643 949 653 ..
974 604 1015 670 48
1041 639 1082 654 ..

418 771 440 820 a
457 746 598 819 Novato
623 745 737 822 duce¹
764 745 867 836 dicti,
886 745 1017 844 Lapsis
1038 745 1099 834 (iis
1126 731 1268 820 scilicet
1285 745 1352 844 qui
1371 745 1579 844 supplicio-

419 896 506 945 rum
521 878 625 945 metu
641 870 714 944 diis
729 871 1078 969 sacrificaverant)²
1103 870 1255 946 veniam
1271 871 1348 946 ullo
1363 878 1473 970 pacto
1488 897 1578 947 eon·

417 996 625 1071 cedendam
641 1005 848 1095 negarunt,
863 1004 899 1071 et
911 1022 988 1089 θος,
1006 995 1115 1096 quasi
1131 1021 1243 1072 exesa
1257 998 1443 1088 membra,
1470 1023 1578 1073 rese·

417 1122 558 1196 candos
580 1121 881 1197 existimarunt³.
913 1124 1085 1210 Quorum
1119 1148 1142 1198 a
1168 1121 1346 1221 graviore
1369 1121 1576 1223 ¹disciplina

416 1247 635 1323 deficientes
659 1248 856 1347 pontifices
883 1248 1040 1323 maximi
1064 1253 1102 1324 et
1122 1273 1199 1324 una
1227 1248 1326 1323 inter
1347 1248 1575 1324 christianos

416 1372 571 1472 optimi⁴
593 1374 746 1450 veniam
767 1374 923 1473 quidem
957 1375 1096 1474 ‘Lapsos
1125 1398 1278 1474 sperare
1299 1374 1513 1472 jusserunt,
1541 1375 1573 1448 si

417 1501 529 1574 modo
555 1501 715 1599 longam
739 1501 833 1575 tanti
856 1500 1007 1576 sceleris
1032 1499 1295 1599 poenitentiam
1323 1499 1506 1599 egissent,
1536 1510 1572 1575 et

418 1626 484 1699 diu
505 1627 752 1701 ecclesiarum
776 1626 816 1699 in
834 1626 941 1701 atriis
961 1625 1137 1725 prostrati
1163 1625 1356 1701 [lavissent
1369 1626 1393 1700 ⁵.

468 1752 508 1824 ld
524 1777 600 1824 non
612 1751 720 1826 facile
734 1754 905 1827 tulerunt
914 1752 1039 1851 Lapsi,
1053 1751 1283 1852 veniamque
1299 1776 1438 1851 puram
1454 1749 1569 1849 flagi·

418 1883 552 1968 tamea,
579 1885 671 1951 tunc
700 1877 977 1976 poenitentiam,
996 1885 1175 1976 utnuper
1190 1875 1389 1976 supplicia,
1412 1878 1572 1952 horrue-

418 2004 530 2077 runt⁶
547 2033 554 2074 ε
572 2002 698 2104 itaque
712 2003 922 2104 impetratis
933 2006 980 2080 ab
996 2004 1054 2096 iis,
1069 2003 1135 2103 qui
1151 2002 1298 2077 fortiter
1314 1999 1573 2079 sustinuerant

417 2137 617 2221 tormenta,
637 2129 771 2205 litteris
785 2131 924 2230 quibus
938 2137 1172 2231 rogarentur
1185 2130 1401 2204 sacerdotes
1416 2136 1458 2205 ut
1483 2131 1573 2228 Lap-

417 2280 478 2330 sos
497 2256 537 2328 in
553 2255 719 2354 gratiam
734 2253 980 2354 reciperent,
1003 2255 1250 2333 ecclesiarum
1271 2257 1404 2330 domos
1426 2256 1571 2331 invase-

416 2390 519 2473 runt,
546 2391 583 2457 et
605 2382 783 2458 universo
809 2383 955 2481 impetu
974 2385 1143 2481 primum
1181 2385 1341 2485 expulsi,
1372 2384 1418 2458 iis
1440 2406 1572 2456 rursus

416 2533 577 2584 numero
602 2510 784 2607 pollentes
806 2509 843 2583 vi
871 2517 907 2583 et
933 2510 1050 2584 armis
1074 2512 1182 2609 potiti
1211 2519 1313 2586 sunt.
1353 2511 1445 2585 Inde
1477 2507 1572 2584 sedi-

415 2635 548 2724 tiones
566 2635 678 2725 bella,
701 2635 822 2708 caedes
844 2642 880 2708 et
895 2636 1082 2710 scelerum
1106 2661 1221 2714 omne
1237 2660 1375 2737 genus,

465 2762 610 2849 Quibus
626 2761 747 2860 igitur
766 2760 904 2835 iterum
926 2762 1025 2836 Urbs
1039 2771 1095 2837 est
1110 2763 1306 2862 exagitata
1320 2785 1442 2862 quum
1465 2783 1572 2859 paxa

417 2888 607 2964 Maxentio
627 2886 845 2961 christianis
860 2885 1034 2961 rest'tuta
1053 2895 1120 2979 est,
1157 2896 1195 2963 et
1215 2896 1292 2962 tres
1322 2886 1361 2961 in
1391 2885 1571 2960 factiones

416 3013 522 3090 scissi
542 3012 755 3101 christiani,
774 3011 840 3111 qui
854 3018 947 3086 tunc
959 3011 999 3084 in
1015 3013 1117 3088 Urbe
1130 3013 1307 3113 permulti
1318 3012 1572 3087 numeraban-

453 3316 474 3360 1.
495 3305 614 3375 Freppcl,
630 3309 707 3358 saint
722 3310 845 3372 cyprian,
864 3311 906 3357 11⁰
921 3305 1002 3375 locon,
1017 3321 1044 3375 p.
1062 3313 1121 3372 251,
1136 3315 1194 3359 255.
1212 3333 1242 3345 -ν
1266 3304 1355 3358 Sancti
1370 3304 1528 3374 Hieronymi
1541 3304 1573 3357 dc

421 3396 488 3447 Viris
500 3393 613 3454 illustr„
622 3405 645 3442 c.
660 3405 722 3442 m.

450 3488 475 3531 2.
494 3475 583 3529 Sancti
603 3475 730 3545 Cypriani
752 3477 785 3528 de
809 3481 909 3543 Lapsa.
923 3506 957 3516 -
978 3476 1097 3546 Frcppcl,
1115 3475 1142 3528 9⁸
1159 3474 1243 3545 locon,
1258 3491 1283 3545 p.
1303 3480 1358 3529 195.
1380 3502 1412 3512 -
1432 3475 1470 3527 De
1488 3469 1571 3532 Rossi,

416 3569 498 3616 Itonra
510 3564 688 3626 sottcrranea,
698 3564 718 3611 1.
734 3562 768 3624 ll,
784 3577 809 3630 p.
823 3571 880 3626 2⁰2,
895 3568 953 3615 2⁰3.

449 3653 473 3699 ³.
492 3645 582 3700 Sancti
602 3643 728 3715 Cypriani
740 3649 826 3712 Epist.
844 3650 925 3709 om,
946 3647 983 3699 od
998 3651 1141 3701 Antoniou.
1154 3675 1187 3685 -
1200 3645 1317 3716 Frcppel,
1332 3649 1360 3699 θ’
1373 3644 1460 3713 locon,
1471 3660 1498 3715 p.
1514 3651 1571 3707 255,

416 3740 474 3797 aaa,
488 3739 546 3785 aas.

449 3823 471 3868 I.
489 3821 576 3883 aput.
591 3820 672 3880 XXV,
692 3820 825 3884 cypriano
844 3820 938 3878 Moses,
952 3819 1088 3869 Maximus
1102 3821 1128 3869 ct
1150 3821 1322 3869 Nicostrata.
1342 3843 1376 3854 —
1394 3820 1479 3882 apat.
1493 3817 1572 3877 XXX,

414 3906 512 3968 XXXI,
526 3905 660 3969 cypriano
675 3903 825 3969 presbyteri
841 3907 866 3955 et
884 3903 990 3955 diaconi
1007 3907 1102 3954 Romae.
1120 3931 1151 3940 —
1163 3905 1248 3968 Epist.
1262 3905 1374 3963 XXXII,
1392 3903 1520 3967 cypriant
1539 3899 1575 3951 ad

414 3992 516 4042 clerum
531 3988 688 4052 Corticata.
709 4013 734 4027 -
747 3987 838 4040 Sancti
850 3986 977 4056 Cypriani
991 3988 1024 4039 de
1037 3991 1141 4053 Lepsia,
1152 3987 1220 4040 XIV.

450 4084 475 4127 5.
493 4077 580 4141 Epist.
594 4077 625 4124 II
638 4071 710 4125 clert
719 4077 830 4125 Romani
844 4074 881 4125 ad
899 4071 999 4124 clerum
1013 4074 1167 4139 Gorttaqtn.
1185 4101 1218 4111 —
1232 4077 1316 4139 Epist.
1330 4075 1381 4124 XX
1384 4075 1427 4135 VI,
1442 4075 1575 4138 cypriano

415 4164 509 4222 Moses,
521 4162 656 4212 Maximus
669 4163 694 4209 ct
707 4162 732 4209 Ν
734 4162 878 4210 icostrotcs.
897 4161 1022 4224 -Eptst
1031 4161 1112 4218 XXX,
1128 4161 1224 4221 XXXI,
1241 4161 1374 4224 cypriano
1385 4157 1537 4224 presbyteri
1549 4160 1574 4207 ct

415 4247 521 4298 diaconi
531 4249 626 4297 Rome.
639 4271 673 4281 —-
685 4247 770 4307 mut.
785 4247 845 4305 III,
862 4245 899 4296 od
913 4247 1057 4297 Antoniou.

448 4338 472 4381 o.
492 4331 577 4395 Epist.
594 4331 675 4390 XXV,
692 4332 827 4394 cypriano
840 4331 933 4391 Moses,
949 4332 1085 4381 Maximus
1100 4333 1126 4381 et
1139 4331 1311 4380 Nicostrata.
1329 4353 1365 4368 -
1379 4330 1465 4394 Epist.
1478 4330 1574 4394 XXXI,

418 4416 550 4480 cuprinae
558 4414 708 4479 presbytera
721 4417 746 4464 et
760 4413 866 4465 diaconi
877 4419 973 4466 Romae.

449 4508 473 4554 7.
493 4503 580 4565 aput.
591 4503 643 4562 IX,
662 4500 822 4565 Presbytero
835 4503 859 4551 ct
878 4501 998 4552 diaconis
1011 4500 1180 4565 carthada,
1195 4501 1356 4566 oppositus.
1377 4527 1410 4536 -
1423 4501 1510 4566 aput.
1523 4501 1576 4550 XX

417 4587 544 4653 cyprum
555 4585 592 4637 od
605 4589 740 4652 rnortyres
755 4589 781 4637 et
795 4589 964 4651 confessores.
976 4615 1009 4623 -
1022 4590 1108 4653 Epist.
1120 4588 1183 4648 XII,
1197 4588 1276 4652 XIII,
1290 4587 1417 4652 Gyprtont
1428 4585 1467 4637 od
1477 4585 1576 4638 clerum

417 4671 548 4736 corthon.
564 4697 596 4711 -—
612 4674 697 4737 aput.
707 4673 734 4722 X
740 4674 782 4733 VI,
795 4674 983 4735 consessorum
993 4675 1066 4725 unta
1080 4672 1117 4724 od
1130 4673 1303 4738 cypriorum.
