3592 5668
898 629 1077 694 -12-

412 763 604 840 studiosus
618 774 711 857 erat,
732 774 860 864 utpote
876 766 916 841 in
930 768 1083 866 quibuS,
1105 772 1198 846 dum
1218 770 1425 848 saeviebant
1440 771 1569 871 genti-

411 889 479 980 les,
490 889 712 982 delituisset,
726 914 935 992 earumque
949 893 1031 968 vias
1044 902 1082 969 et
1094 897 1199 970 dolos
1215 899 1355 972 multos
1370 922 1438 997 per
1447 923 1569 972 annos

411 1022 601 1114 expertuS,
617 1040 691 1090 usu
710 1041 799 1091 suas
821 1017 920 1092 lecit.
940 1019 1052 1093 Pium
1068 1021 1171 1095 enim
1186 1022 1383 1097 christiani
1399 1031 1491 1098 tunc
1505 1024 1570 1098 ha·

410 1140 553 1216 bebant
561 1141 655 1215 tales
669 1142 771 1217 ultro
784 1140 951 1218 incolere
960 1169 1132 1221 recessus
1143 1154 1180 1223 et
1193 1146 1259 1222 ubi
1273 1147 1434 1240 tamdiu,
1447 1174 1568 1248 quum

410 1265 453 1340 in
472 1267 703 1365 supplicium
721 1267 1022 1362 vindicarentur,
1034 1297 1116 1346 sese
1135 1273 1373 1368 abdiderant,
1390 1275 1442 1349 ibi
1451 1274 1569 1350 vitam

412 1394 539 1466 adhuc
558 1393 732 1491 degere¹.
755 1393 989 1493 Frequentes
1017 1397 1132 1473 etiam
1152 1399 1204 1472 ibi
1232 1400 1354 1499 longa
1380 1397 1449 1500 per
1473 1400 1568 1476 atria

410 1516 618 1617 aspiciebat
633 1519 819 1594 Damasus
833 1519 935 1595 viros
949 1523 1117 1597 tenebris
1131 1525 1241 1622 quasi
1256 1524 1425 1600 addictos
1448 1533 1485 1600 et
1503 1523 1568 1624 qui

412 1668 612 1743 nunquam
633 1644 711 1717 fere
726 1643 933 1742 superioris
947 1647 1083 1722 limina
1101 1648 1197 1724 lucis
1210 1651 1433 1749 tangebant,
1451 1649 1569 1723 fosso-

406 1767 491 1842 res²
510 1767 594 1842 dico
613 1767 680 1866 qui
698 1767 738 1841 in
755 1775 916 1868 utroque
930 1770 1081 1846 viarum
1099 1772 1241 1870 pariete
1257 1782 1471 1874 martyrum
1484 1799 1569 1849 ossa

410 1893 626 1970 condebant
648 1900 684 1967 et
706 1892 860 1970 assiduo
879 1896 1008 1971 labore
1038 1923 1137 1972 nova
1153 1901 1224 1974 sub
1245 1900 1334 1999 agri
1362 1899 1569 1998 superioris

405 2045 558 2119 ,aggere
573 2019 829 2094 moliebantur
848 2020 1019 2096 itinera³.-
1042 2023 1146 2097 lnter
1163 2049 1259 2123 quos
1273 2049 1365 2099 sane
1384 2024 1568 2123 supersti-

410 2153 466 2219 tes
480 2145 686 2219 nonnullos
699 2146 884 2222 Damasus
898 2147 1087 2222 salutabat
1100 2175 1124 2223 a
1138 2150 1278 2248 quibus
1296 2151 1389 2224 olim
1404 2150 1443 2224 in
1459 2176 1567 2249 oryp-

412 2269 461 2344 tis
475 2295 564 2347 cum
577 2278 684 2368 patre
694 2271 867 2370 benigne
882 2273 1006 2348 fuerat
1019 2277 1230 2373 exceptus⁴,
1249 2302 1270 2350 e
1284 2277 1425 2376 quibus
1439 2276 1566 2366 etiam,

409 2396 502 2470 dum
531 2403 745 2494 martyrum
779 2395 969 2496 lapidibus
1004 2398 1083 2473 sive
1112 2401 1245 2474 ilorem
1268 2401 1468 2490 inflexum,
1491 2400 1570 2475 sive

408 2521 585 2621 cymbam
610 2529 678 2595 aut
709 2545 820 2595 avem
846 2523 1041 2621 fugacem,
1057 2524 1145 2600 vitae
1163 2525 1291 2599 brevis
1317 2525 1532 2624 imaginem
1542 2525 1565 2614 ⁵,

409 2646 632 2736 inciderent,
656 2647 841 2724 Damasus
856 2648 987 2724 omnia
1011 2659 1227 2750 martyrum
1254 2651 1434 2728 audiebat
1449 2658 1570 2725 certa-

408 2772 526 2862 mina,
550 2773 703 2871 quantis
715 2773 918 2848 tormentis
934 2775 1109 2865 conlecti,
1131 2801 1248 2874 quam
1264 2777 1439 2850 ferociter
1452 2774 1565 2874 passi,

407 2920 525 2994 quam
550 2896 709 2993 pulchre
730 2921 798 2994 pro
823 2895 971 2970 Christo
991 2897 1114 2972 functi
1139 2905 1279 2973 essent.
1298 2898 1446 2985 Quibus
1465 2921 1569 2972 com-

409 3029 535 3095 motus
548 3020 696 3096 redibat
711 3022 897 3096 Damasus
910 3020 1063 3120 pristini
1072 3023 1254 3120 temporis
1270 3023 1310 3096 in
1326 3023 1564 3115 memoriam,

407 3170 530 3246 quum
553 3171 648 3245 puer
676 3146 716 3219 in
735 3146 875 3245 cryptis
895 3147 1015 3222 vitam
1046 3155 1202 3246 ageret:
1226 3157 1318 3224 tuno
1343 3148 1448 3222 enim
1469 3173 1568 3245 saepo

409 3272 481 3372 piis
491 3273 605 3347 allata
623 3269 802 3346 manibus
822 3274 994 3347 humana
1010 3298 1169 3371 corpora
1195 3282 1393 3371 aspexerat
1409 3298 1565 3372 pavenS,

408 3423 495 3498 quae
510 3395 702 3496 sanguine
715 3396 869 3471 madida
883 3403 990 3496 pater
1006 3405 1135 3473 tamen
1151 3407 1351 3498 materque
1375 3407 1412 3475 et
1434 3423 1568 3472 omnes

409 3519 554 3598 circum
581 3522 727 3597 alacres
743 3523 1030 3616 osculabantur,
1061 3529 1098 3597 et
1130 3548 1217 3622 quae
1239 3547 1331 3597 mox
1353 3522 1393 3597 in
1425 3522 1568 3622 pariete

410 3647 481 3720 sub
506 3671 698 3722 marmore
713 3647 866 3723 condita
878 3647 1065 3722 adductus
1093 3673 1117 3721 a
1136 3655 1259 3723 matre
1279 3646 1565 3723 venerabaturl.

445 3924 468 3968 1.
488 3909 843 3984 amarescentes,
857 3923 877 3971 t.
892 3919 926 3982 x,
941 3917 984 3971 ch.
1000 3931 1032 3984 u,
1043 3933 1070 3986 pi
1080 3926 1140 3984 rra,
1154 3924 1213 3972 227.

443 4009 468 4054 a.
484 3999 596 4063 Marcbi,
609 4004 774 4056 Monoincntt
791 4002 850 4056 dell
861 4006 919 4057 ortt
932 4006 1061 4056 eratione
1070 4007 1220 4074 primitive,
1235 4015 1261 4068 p.
1276 4005 1307 4054 ta
1320 4001 1430 4066 (Roma,
1444 4001 1526 4065 1844).
1536 4029 1568 4040 -

408 4088 503 4154 lgnaoe
518 4085 653 4150 Murrani,
674 4087 810 4141 raptem
831 4090 1187 4156 chronotopiques-critiqces
1209 4090 1242 4141 de
1263 4089 1393 4141 t'ittctotre
1414 4089 1445 4140 de
1466 4077 1569 4152 t’dotae

408 4171 573 4234 unici-seru,
587 4171 620 4223 11⁰
629 4168 718 4233 siecle,
729 4174 791 4224 note
804 4177 834 4224 to
849 4169 1018 4238 (traduction
1032 4168 1065 4223 de
1076 4168 1162 4223 l'abbe'
1176 4169 1272 4240 loseph
1284 4168 1390 4232 Sattler,
1398 4167 1565 4222 Bar-le·Duc.

409 4253 715 4323 LouisGuirin,1865).
1464 4299 1465 4304 1
1505 4301 1516 4308 ..

443 4346 469 4392 3.
487 4338 548 4391 Vias
567 4353 649 4393 novas
660 4354 745 4408 usque
762 4337 797 4393 ad
815 4338 905 4408 quinti
919 4337 1012 4392 saculi
1025 4336 1138 4392 initium
1155 4337 1194 4392 sic
1213 4337 1330 4406 aggressi
1342 4341 1408 4393 suut
1425 4335 1566 4402 (Macroni,

413 4427 549 4479 rotnace
559 4426 783 4494 etronoloqtques,
796 4429 857 4479 rote
870 4425 925 4492 lo).
1131 4481 1133 4488 ,

404 4549 412 4566 .
443 4516 468 4564 l.
487 4510 610 4563 Faustini
622 4514 650 4563 et
659 4509 806 4564 Marcellini
817 4511 932 4564 Lttettcs
941 4523 1060 4576 precum,
1074 4509 1089 4578 s
1104 4517 1129 4562 a.
1185 4525 1186 4531 ¹
1467 4547 1470 4554 .
1504 4559 1516 4564 ,,

445 4603 467 4649 5.
485 4596 614 4660 ozanam,
625 4597 654 4649 lc
664 4598 832 4650 cavalcatura
845 4609 882 4649 aa
897 4603 925 4648 v·
934 4595 1020 4656 steria,
1034 4593 1171 4664 190leyon,
1185 4608 1211 4663 p.
1222 4601 1347 4661 atoma
1448 4641 1451 4646 .

444 4688 468 4731 a.
485 4679 576 4735 Sancti
586 4679 742 4754 Hieronymi
753 4684 782 4734 tn
795 4680 928 4744 Ezechiel,
945 4693 1004 4750 cap.
1017 4693 1065 4733 xi..
1078 4708 1112 4719 -
1121 4679 1247 4740 ozanam,
1261 4693 1288 4750 p.
1300 4687 1359 4741 aaa,
1372 4685 1430 4732 roe.
