<?xml version="1.0" encoding="UTF-8"?>
<!DOCTYPE html PUBLIC "-//W3C//DTD XHTML 1.0 Transitional//EN"
    "http://www.w3.org/TR/xhtml1/DTD/xhtml1-transitional.dtd">
<html xmlns="http://www.w3.org/1999/xhtml" xml:lang="en" lang="en">
 <head>
  <title>
</title>
<meta http-equiv="Content-Type" content="text/html;charset=utf-8" />
  <meta name='ocr-system' content='tesseract 3.04.00' />
  <meta name='ocr-capabilities' content='ocr_page ocr_carea ocr_par ocr_line ocrx_word'/>
</head>
<body>
  <div class='ocr_page' id='page_1' title='image "./desanctidamasis00courgoog_0053.png"; bbox 0 0 3592 5668; ppageno 0'>
   <div class='ocr_carea' id='block_1_1' title="bbox 895 632 1072 700">
    <p class='ocr_par' dir='ltr' id='par_1_1' title="bbox 895 632 1072 700">
     <span class='ocr_line' id='line_1_1' title="bbox 895 632 1072 700; baseline 0 -18"><span class='ocrx_word' id='word_1_1' title='bbox 895 632 1072 700; x_wconf 70' lang='lat'>..44-</span> 
     </span>
    </p>
   </div>
   <div class='ocr_carea' id='block_1_2' title="bbox 373 772 1571 4138">
    <p class='ocr_par' dir='ltr' id='par_1_2' title="bbox 407 772 1567 2498">
     <span class='ocr_line' id='line_1_2' title="bbox 407 772 1564 873; baseline -0.002 -23"><span class='ocrx_word' id='word_1_2' title='bbox 407 773 547 850; x_wconf 89' lang='lat' dir='ltr'>siastici</span> <span class='ocrx_word' id='word_1_3' title='bbox 560 774 744 872; x_wconf 80' lang='lat' dir='ltr'>annales),</span> <span class='ocrx_word' id='word_1_4' title='bbox 763 772 1088 873; x_wconf 71' lang='lat' dir='ltr'>christianamque</span> <span class='ocrx_word' id='word_1_5' title='bbox 1099 773 1249 872; x_wconf 85' lang='lat' dir='ltr'>plebem</span> <span class='ocrx_word' id='word_1_6' title='bbox 1261 773 1431 865; x_wconf 82' lang='lat' dir='ltr'>docebat,</span> <span class='ocrx_word' id='word_1_7' title='bbox 1444 799 1564 872; x_wconf 91' lang='lat' dir='ltr'>quum</span> 
     </span>
     <span class='ocr_line' id='line_1_3' title="bbox 408 900 1563 1001; baseline -0.003 -25"><span class='ocrx_word' id='word_1_8' title='bbox 408 902 546 992; x_wconf 86' lang='lat' dir='ltr'>subite,</span> <span class='ocrx_word' id='word_1_9' title='bbox 566 927 589 976; x_wconf 87' lang='lat' dir='ltr'>a</span> <span class='ocrx_word' id='word_1_10' title='bbox 605 901 796 999; x_wconf 89' lang='lat' dir='ltr'>proditore</span> <span class='ocrx_word' id='word_1_11' title='bbox 810 901 989 1001; x_wconf 83' lang='lat' dir='ltr'>quodam,</span> <span class='ocrx_word' id='word_1_12' title='bbox 1017 907 1060 976; x_wconf 92' lang='lat' dir='ltr'>ut</span> <span class='ocrx_word' id='word_1_13' title='bbox 1075 900 1258 990; x_wconf 55' lang='lat' dir='ltr'>videtum,</span> <span class='ocrx_word' id='word_1_14' title='bbox 1281 900 1433 974; x_wconf 87' lang='lat' dir='ltr'>adducti</span> <span class='ocrx_word' id='word_1_15' title='bbox 1452 901 1563 974; x_wconf 90' lang='lat' dir='ltr'>satel-</span> 
     </span>
     <span class='ocr_line' id='line_1_4' title="bbox 407 1024 1564 1126; baseline -0.004 -23"><span class='ocrx_word' id='word_1_16' title='bbox 407 1028 491 1103; x_wconf 91' lang='lat' dir='ltr'>lites</span> <span class='ocrx_word' id='word_1_17' title='bbox 504 1027 687 1125; x_wconf 69' lang='lat' dir='ltr'>precipiti</span> <span class='ocrx_word' id='word_1_18' title='bbox 701 1052 818 1101; x_wconf 90' lang='lat' dir='ltr'>cursu</span> <span class='ocrx_word' id='word_1_19' title='bbox 840 1025 1072 1126; x_wconf 85' lang='lat' dir='ltr'>irrumpunt.</span> <span class='ocrx_word' id='word_1_20' title='bbox 1095 1026 1229 1102; x_wconf 85' lang='lat' dir='ltr'>Stricta</span> <span class='ocrx_word' id='word_1_21' title='bbox 1245 1051 1429 1100; x_wconf 89' lang='lat' dir='ltr'>mucrone</span> <span class='ocrx_word' id='word_1_22' title='bbox 1444 1024 1564 1100; x_wconf 87' lang='lat' dir='ltr'>chris-</span> 
     </span>
     <span class='ocr_line' id='line_1_5' title="bbox 407 1151 1563 1230; baseline -0.005 0"><span class='ocrx_word' id='word_1_23' title='bbox 407 1154 522 1230; x_wconf 76' lang='lat' dir='ltr'>tianre</span> <span class='ocrx_word' id='word_1_24' title='bbox 551 1151 724 1227; x_wconf 88' lang='lat' dir='ltr'>concioni</span> <span class='ocrx_word' id='word_1_25' title='bbox 747 1160 935 1228; x_wconf 75' lang='lat' dir='ltr'>ermetem</span> <span class='ocrx_word' id='word_1_26' title='bbox 964 1153 1204 1227; x_wconf 77' lang='lat' dir='ltr'>circumdent</span> <span class='ocrx_word' id='word_1_27' title='bbox 1231 1176 1412 1227; x_wconf 78' lang='lat' dir='ltr'>cononem</span> <span class='ocrx_word' id='word_1_28' title='bbox 1436 1151 1563 1225; x_wconf 94' lang='lat' dir='ltr'>immi-</span> 
     </span>
     <span class='ocr_line' id='line_1_6' title="bbox 408 1278 1563 1379; baseline -0.003 -25"><span class='ocrx_word' id='word_1_29' title='bbox 408 1287 638 1379; x_wconf 90' lang='lat' dir='ltr'>nentemque</span> <span class='ocrx_word' id='word_1_30' title='bbox 658 1285 819 1352; x_wconf 90' lang='lat' dir='ltr'>mortem</span> <span class='ocrx_word' id='word_1_31' title='bbox 835 1278 1080 1368; x_wconf 77' lang='lat' dir='ltr'>denuncient,</span> <span class='ocrx_word' id='word_1_32' title='bbox 1096 1279 1136 1352; x_wconf 92' lang='lat' dir='ltr'>ni</span> <span class='ocrx_word' id='word_1_33' title='bbox 1158 1279 1347 1376; x_wconf 90' lang='lat' dir='ltr'>extemplo</span> <span class='ocrx_word' id='word_1_34' title='bbox 1369 1302 1563 1353; x_wconf 91' lang='lat' dir='ltr'>summum</span> 
     </span>
     <span class='ocr_line' id='line_1_7' title="bbox 412 1404 1564 1501; baseline 0 -25"><span class='ocrx_word' id='word_1_35' title='bbox 412 1404 572 1501; x_wconf 89' lang='lat' dir='ltr'>prodant</span> <span class='ocrx_word' id='word_1_36' title='bbox 612 1404 845 1478; x_wconf 84' lang='lat' dir='ltr'>sacerdotem</span> <span class='ocrx_word' id='word_1_37' title='bbox 862 1432 877 1494; x_wconf 90' lang='grc'>;.</span> <span class='ocrx_word' id='word_1_38' title='bbox 911 1404 1121 1480; x_wconf 87' lang='lat' dir='ltr'>incolumes</span> <span class='ocrx_word' id='word_1_39' title='bbox 1165 1413 1297 1479; x_wconf 88' lang='lat' dir='ltr'>eontra</span> <span class='ocrx_word' id='word_1_40' title='bbox 1333 1405 1564 1480; x_wconf 88' lang='lat' dir='ltr'>discessuros</span> 
     </span>
     <span class='ocr_line' id='line_1_8' title="bbox 407 1529 1564 1627; baseline 0.001 -27"><span class='ocrx_word' id='word_1_41' title='bbox 407 1553 539 1603; x_wconf 92' lang='lat' dir='ltr'>omnes</span> <span class='ocrx_word' id='word_1_42' title='bbox 575 1529 776 1627; x_wconf 85' lang='lat' dir='ltr'>spondent,</span> <span class='ocrx_word' id='word_1_43' title='bbox 807 1529 837 1602; x_wconf 90' lang='lat' dir='ltr'>si</span> <span class='ocrx_word' id='word_1_44' title='bbox 874 1529 1001 1605; x_wconf 89' lang='lat' dir='ltr'>stetim</span> <span class='ocrx_word' id='word_1_45' title='bbox 1028 1529 1228 1604; x_wconf 90' lang='lat' dir='ltr'>indicetur.</span> <span class='ocrx_word' id='word_1_46' title='bbox 1251 1529 1369 1604; x_wconf 91' lang='lat' dir='ltr'>Sileut</span> <span class='ocrx_word' id='word_1_47' title='bbox 1397 1529 1564 1603; x_wconf 89' lang='lat' dir='ltr'>universi</span> 
     </span>
     <span class='ocr_line' id='line_1_9' title="bbox 407 1654 1564 1755; baseline 0 -27"><span class='ocrx_word' id='word_1_48' title='bbox 407 1655 687 1752; x_wconf 86' lang='lat' dir='ltr'>cervicemque·</span> <span class='ocrx_word' id='word_1_49' title='bbox 709 1654 809 1728; x_wconf 89' lang='lat' dir='ltr'>ultro</span> <span class='ocrx_word' id='word_1_50' title='bbox 837 1655 967 1752; x_wconf 75' lang='lat' dir='ltr'>gladio</span> <span class='ocrx_word' id='word_1_51' title='bbox 998 1657 1180 1753; x_wconf 85' lang='lat' dir='ltr'>praehent.</span> <span class='ocrx_word' id='word_1_52' title='bbox 1225 1655 1316 1741; x_wconf 83' lang='lat' dir='ltr'>Quae</span> <span class='ocrx_word' id='word_1_53' title='bbox 1343 1681 1465 1755; x_wconf 93' lang='lat' dir='ltr'>quum</span> <span class='ocrx_word' id='word_1_54' title='bbox 1495 1680 1564 1728; x_wconf 91' lang='lat' dir='ltr'>eu-</span> 
     </span>
     <span class='ocr_line' id='line_1_10' title="bbox 407 1780 1567 1881; baseline -0.001 -27"><span class='ocrx_word' id='word_1_55' title='bbox 407 1780 538 1855; x_wconf 90' lang='lat' dir='ltr'>diisset</span> <span class='ocrx_word' id='word_1_56' title='bbox 552 1780 693 1870; x_wconf 80' lang='lat' dir='ltr'>Sixtus,</span> <span class='ocrx_word' id='word_1_57' title='bbox 715 1806 830 1880; x_wconf 91' lang='lat' dir='ltr'>quem</span> <span class='ocrx_word' id='word_1_58' title='bbox 848 1781 987 1856; x_wconf 88' lang='lat' dir='ltr'>milites</span> <span class='ocrx_word' id='word_1_59' title='bbox 1002 1781 1262 1879; x_wconf 86' lang='lat' dir='ltr'>imprudentes</span> <span class='ocrx_word' id='word_1_60' title='bbox 1281 1780 1436 1881; x_wconf 91' lang='lat' dir='ltr'>quidem</span> <span class='ocrx_word' id='word_1_61' title='bbox 1454 1781 1567 1879; x_wconf 80' lang='lat' dir='ltr'>igno-</span> 
     </span>
     <span class='ocr_line' id='line_1_11' title="bbox 407 1906 1566 2006; baseline -0.001 -26"><span class='ocrx_word' id='word_1_62' title='bbox 407 1916 489 1980; x_wconf 91' lang='lat' dir='ltr'>tum</span> <span class='ocrx_word' id='word_1_63' title='bbox 510 1907 730 1996; x_wconf 80' lang='lat' dir='ltr'>trahebant,</span> <span class='ocrx_word' id='word_1_64' title='bbox 762 1913 890 2006; x_wconf 85' lang='lat' dir='ltr'>utpote</span> <span class='ocrx_word' id='word_1_65' title='bbox 919 1906 985 2006; x_wconf 91' lang='lat' dir='ltr'>qui</span> <span class='ocrx_word' id='word_1_66' title='bbox 1013 1914 1168 1981; x_wconf 84' lang='lat' dir='ltr'>eaeteros</span> <span class='ocrx_word' id='word_1_67' title='bbox 1198 1907 1378 1982; x_wconf 82' lang='lat' dir='ltr'>cathedre</span> <span class='ocrx_word' id='word_1_68' title='bbox 1397 1906 1566 1982; x_wconf 89' lang='lat' dir='ltr'>insidens</span> 
     </span>
     <span class='ocr_line' id='line_1_12' title="bbox 407 2030 1565 2130; baseline -0.002 -24"><span class='ocrx_word' id='word_1_69' title='bbox 407 2033 559 2106; x_wconf 89' lang='lat' dir='ltr'>doceret</span> <span class='ocrx_word' id='word_1_70' title='bbox 576 2061 583 2103; x_wconf 93' lang='lat'><strong>:</strong></span> <span class='ocrx_word' id='word_1_71' title='bbox 601 2061 632 2110; x_wconf 64' lang='lat' dir='ltr'>,u</span> <span class='ocrx_word' id='word_1_72' title='bbox 652 2031 748 2128; x_wconf 75' lang='lat' dir='ltr'>Ege,</span> <span class='ocrx_word' id='word_1_73' title='bbox 769 2030 906 2130; x_wconf 88' lang='lat' dir='ltr'>inquit,</span> <span class='ocrx_word' id='word_1_74' title='bbox 928 2055 1104 2104; x_wconf 90' lang='lat' dir='ltr'>summus</span> <span class='ocrx_word' id='word_1_75' title='bbox 1129 2030 1426 2104; x_wconf 88' lang='lat' dir='ltr'>christianorum</span> <span class='ocrx_word' id='word_1_76' title='bbox 1439 2031 1565 2130; x_wconf 91' lang='lat' dir='ltr'>ponti-</span> 
     </span>
     <span class='ocr_line' id='line_1_13' title="bbox 407 2153 1565 2254; baseline -0.001 -25"><span class='ocrx_word' id='word_1_77' title='bbox 407 2156 470 2230; x_wconf 85' lang='lat' dir='ltr'>fex</span> <span class='ocrx_word' id='word_1_78' title='bbox 498 2163 534 2230; x_wconf 93' lang='lat' dir='ltr'>et</span> <span class='ocrx_word' id='word_1_79' title='bbox 560 2157 755 2230; x_wconf 90' lang='lat' dir='ltr'>Romanus</span> <span class='ocrx_word' id='word_1_80' title='bbox 782 2154 939 2230; x_wconf 86' lang='lat' dir='ltr'>antistes</span> <span class='ocrx_word' id='word_1_81' title='bbox 966 2153 1112 2229; x_wconf 83' lang='lat' dir='ltr'>sum².»</span> <span class='ocrx_word' id='word_1_82' title='bbox 1149 2155 1308 2254; x_wconf 89' lang='lat' dir='ltr'>Rapitur</span> <span class='ocrx_word' id='word_1_83' title='bbox 1327 2179 1416 2228; x_wconf 92' lang='lat' dir='ltr'>cum</span> <span class='ocrx_word' id='word_1_84' title='bbox 1438 2154 1565 2229; x_wconf 89' lang='lat' dir='ltr'>diaco-</span> 
     </span>
     <span class='ocr_line' id='line_1_14' title="bbox 407 2281 1567 2380; baseline -0.002 -26"><span class='ocrx_word' id='word_1_85' title='bbox 407 2282 480 2372; x_wconf 77' lang='lat' dir='ltr'>niS,</span> <span class='ocrx_word' id='word_1_86' title='bbox 515 2289 564 2371; x_wconf 79' lang='lat' dir='ltr'>et,</span> <span class='ocrx_word' id='word_1_87' title='bbox 594 2281 756 2379; x_wconf 88' lang='lat' dir='ltr'>jubente</span> <span class='ocrx_word' id='word_1_88' title='bbox 782 2282 957 2378; x_wconf 78' lang='lat' dir='ltr'>praesule,</span> <span class='ocrx_word' id='word_1_89' title='bbox 983 2305 1118 2354; x_wconf 91' lang='lat' dir='ltr'>rursus</span> <span class='ocrx_word' id='word_1_90' title='bbox 1141 2281 1180 2353; x_wconf 91' lang='lat' dir='ltr'>in</span> <span class='ocrx_word' id='word_1_91' title='bbox 1200 2286 1352 2380; x_wconf 78' lang='lat' dir='ltr'>cryptas</span> <span class='ocrx_word' id='word_1_92' title='bbox 1382 2281 1567 2356; x_wconf 86' lang='lat' dir='ltr'>adductus</span> 
     </span>
     <span class='ocr_line' id='line_1_15' title="bbox 407 2405 1564 2498; baseline -0.002 -17"><span class='ocrx_word' id='word_1_93' title='bbox 407 2416 444 2482; x_wconf 90' lang='lat' dir='ltr'>et</span> <span class='ocrx_word' id='word_1_94' title='bbox 469 2408 735 2498; x_wconf 61' lang='lat' dir='ltr'>obtruncatum</span> <span class='ocrx_word' id='word_1_95' title='bbox 764 2431 857 2481; x_wconf 92' lang='lat' dir='ltr'>nece</span> <span class='ocrx_word' id='word_1_96' title='bbox 888 2432 957 2481; x_wconf 89' lang='lat' dir='ltr'>sue</span> <span class='ocrx_word' id='word_1_97' title='bbox 987 2405 1240 2480; x_wconf 89' lang='lat' dir='ltr'>christianum</span> <span class='ocrx_word' id='word_1_98' title='bbox 1264 2413 1406 2481; x_wconf 69' lang='lat' dir='ltr'>cretum</span> <span class='ocrx_word' id='word_1_99' title='bbox 1428 2413 1564 2480; x_wconf 91' lang='lat' dir='ltr'>servat.</span> 
     </span>
    </p>

    <p class='ocr_par' dir='ltr' id='par_1_3' title="bbox 373 2533 1570 3761">
     <span class='ocr_line' id='line_1_16' title="bbox 407 2533 1562 2632; baseline -0.003 -24"><span class='ocrx_word' id='word_1_100' title='bbox 407 2535 572 2608; x_wconf 86' lang='lat' dir='ltr'>Tantum</span> <span class='ocrx_word' id='word_1_101' title='bbox 596 2533 757 2623; x_wconf 66' lang='lat' dir='ltr'>facinus</span> <span class='ocrx_word' id='word_1_102' title='bbox 777 2534 911 2607; x_wconf 91' lang='lat' dir='ltr'>eodem</span> <span class='ocrx_word' id='word_1_103' title='bbox 930 2533 970 2605; x_wconf 95' lang='lat' dir='ltr'>in</span> <span class='ocrx_word' id='word_1_104' title='bbox 994 2534 1076 2607; x_wconf 92' lang='lat' dir='ltr'>loco</span> <span class='ocrx_word' id='word_1_105' title='bbox 1096 2559 1172 2632; x_wconf 89' lang='lat' dir='ltr'>quo</span> <span class='ocrx_word' id='word_1_106' title='bbox 1190 2540 1452 2632; x_wconf 89' lang='lat' dir='ltr'>perpetratum</span> <span class='ocrx_word' id='word_1_107' title='bbox 1471 2539 1562 2620; x_wconf 86' lang='lat' dir='ltr'>erat,</span> 
     </span>
     <span class='ocr_line' id='line_1_17' title="bbox 373 2639 1570 2756; baseline -0.001 -23"><span class='ocrx_word' id='word_1_108' title='bbox 373 2639 376 2643; x_wconf 30' lang='lat'><em>¹</em></span> <span class='ocrx_word' id='word_1_109' title='bbox 410 2661 594 2734; x_wconf 90' lang='lat' dir='ltr'>Damasus</span> <span class='ocrx_word' id='word_1_110' title='bbox 607 2659 790 2747; x_wconf 78' lang='lat' dir='ltr'>narravit,</span> <span class='ocrx_word' id='word_1_111' title='bbox 808 2659 874 2732; x_wconf 91' lang='lat' dir='ltr'>sed</span> <span class='ocrx_word' id='word_1_112' title='bbox 898 2657 1009 2756; x_wconf 90' lang='lat' dir='ltr'>periit</span> <span class='ocrx_word' id='word_1_113' title='bbox 1028 2683 1220 2733; x_wconf 88' lang='lat' dir='ltr'>annorum</span> <span class='ocrx_word' id='word_1_114' title='bbox 1244 2657 1387 2756; x_wconf 91' lang='lat' dir='ltr'>injurie</span> <span class='ocrx_word' id='word_1_115' title='bbox 1409 2657 1570 2756; x_wconf 80' lang='lat' dir='ltr'>inserip</span> 
     </span>
     <span class='ocr_line' id='line_1_18' title="bbox 408 2783 1568 2884; baseline -0.004 -23"><span class='ocrx_word' id='word_1_116' title='bbox 408 2794 491 2861; x_wconf 89' lang='lat' dir='ltr'>tum</span> <span class='ocrx_word' id='word_1_117' title='bbox 506 2784 622 2884; x_wconf 91' lang='lat' dir='ltr'>lepidi</span> <span class='ocrx_word' id='word_1_118' title='bbox 649 2809 803 2875; x_wconf 82' lang='lat' dir='ltr'>nomen,</span> <span class='ocrx_word' id='word_1_119' title='bbox 830 2791 866 2858; x_wconf 90' lang='lat' dir='ltr'>et</span> <span class='ocrx_word' id='word_1_120' title='bbox 892 2784 1031 2858; x_wconf 80' lang='lat' dir='ltr'>excidit</span> <span class='ocrx_word' id='word_1_121' title='bbox 1046 2809 1194 2882; x_wconf 75' lang='lat' dir='ltr'>magna</span> <span class='ocrx_word' id='word_1_122' title='bbox 1226 2783 1345 2882; x_wconf 91' lang='lat' dir='ltr'>ipsius</span> <span class='ocrx_word' id='word_1_123' title='bbox 1380 2784 1568 2883; x_wconf 87' lang='lat' dir='ltr'>pontificis</span> 
     </span>
     <span class='ocr_line' id='line_1_19' title="bbox 409 2907 1569 3008; baseline 0 -23"><span class='ocrx_word' id='word_1_124' title='bbox 409 2909 605 2985; x_wconf 88' lang='lat' dir='ltr'>memorie.</span> <span class='ocrx_word' id='word_1_125' title='bbox 622 2910 759 2984; x_wconf 80' lang='lat' dir='ltr'>Errare</span> <span class='ocrx_word' id='word_1_126' title='bbox 768 2907 882 2985; x_wconf 87' lang='lat' dir='ltr'>etiem</span> <span class='ocrx_word' id='word_1_127' title='bbox 895 2909 1090 2991; x_wconf 90' lang='lat' dir='ltr'>communi</span> <span class='ocrx_word' id='word_1_128' title='bbox 1104 2910 1295 3008; x_wconf 88' lang='lat' dir='ltr'>sepultum</span> <span class='ocrx_word' id='word_1_129' title='bbox 1306 2911 1378 2985; x_wconf 91' lang='lat' dir='ltr'>suh</span> <span class='ocrx_word' id='word_1_130' title='bbox 1388 2913 1460 2985; x_wconf 89' lang='lat' dir='ltr'>hoe</span> <span class='ocrx_word' id='word_1_131' title='bbox 1469 2936 1569 2985; x_wconf 87' lang='lat' dir='ltr'>mar-</span> 
     </span>
     <span class='ocr_line' id='line_1_20' title="bbox 409 3035 1568 3135; baseline -0.001 -24"><span class='ocrx_word' id='word_1_132' title='bbox 409 3061 514 3111; x_wconf 88' lang='lat' dir='ltr'>more</span> <span class='ocrx_word' id='word_1_133' title='bbox 529 3043 704 3111; x_wconf 88' lang='lat' dir='ltr'>sanctum</span> <span class='ocrx_word' id='word_1_134' title='bbox 724 3037 960 3135; x_wconf 80' lang='lat' dir='ltr'>Stephanum</span> <span class='ocrx_word' id='word_1_135' title='bbox 979 3043 1015 3111; x_wconf 91' lang='lat' dir='ltr'>et</span> <span class='ocrx_word' id='word_1_136' title='bbox 1025 3035 1260 3110; x_wconf 87' lang='lat' dir='ltr'>carminibus</span> <span class='ocrx_word' id='word_1_137' title='bbox 1280 3035 1354 3110; x_wconf 92' lang='lat' dir='ltr'>illis</span> <span class='ocrx_word' id='word_1_138' title='bbox 1371 3037 1568 3111; x_wconf 87' lang='lat' dir='ltr'>laudatum</span> 
     </span>
     <span class='ocr_line' id='line_1_21' title="bbox 410 3161 1568 3261; baseline -0.002 -25"><span class='ocrx_word' id='word_1_139' title='bbox 410 3163 476 3237; x_wconf 90' lang='lat' dir='ltr'>diu</span> <span class='ocrx_word' id='word_1_140' title='bbox 499 3161 774 3259; x_wconf 58' lang='lat' dir='ltr'>reputavimus</span> <span class='ocrx_word' id='word_1_141' title='bbox 799 3168 839 3236; x_wconf 87' lang='lat' dir='ltr'>at</span> <span class='ocrx_word' id='word_1_142' title='bbox 866 3187 983 3252; x_wconf 88' lang='lat' dir='ltr'>nunc,</span> <span class='ocrx_word' id='word_1_143' title='bbox 1012 3186 1133 3261; x_wconf 91' lang='lat' dir='ltr'>quum</span> <span class='ocrx_word' id='word_1_144' title='bbox 1159 3168 1379 3260; x_wconf 79' lang='lat' dir='ltr'>cryptarum</span> <span class='ocrx_word' id='word_1_145' title='bbox 1406 3161 1568 3236; x_wconf 88' lang='lat' dir='ltr'>latebras</span> 
     </span>
     <span class='ocr_line' id='line_1_22' title="bbox 409 3286 1568 3385; baseline -0.001 -20"><span class='ocrx_word' id='word_1_146' title='bbox 409 3287 516 3365; x_wconf 87' lang='lat' dir='ltr'>tanta</span> <span class='ocrx_word' id='word_1_147' title='bbox 539 3287 696 3362; x_wconf 89' lang='lat' dir='ltr'>scientie</span> <span class='ocrx_word' id='word_1_148' title='bbox 708 3294 745 3361; x_wconf 92' lang='lat' dir='ltr'>et</span> <span class='ocrx_word' id='word_1_149' title='bbox 760 3287 969 3385; x_wconf 75' lang='lat' dir='ltr'>sagacitate</span> <span class='ocrx_word' id='word_1_150' title='bbox 988 3286 1235 3362; x_wconf 89' lang='lat' dir='ltr'>illustraverit</span> <span class='ocrx_word' id='word_1_151' title='bbox 1250 3287 1568 3384; x_wconf 87' lang='lat' dir='ltr'>prudentissimus</span> 
     </span>
     <span class='ocr_line' id='line_1_23' title="bbox 411 3410 1568 3512; baseline 0.003 -26"><span class='ocrx_word' id='word_1_152' title='bbox 411 3413 473 3487; x_wconf 90' lang='lat' dir='ltr'>ille</span> <span class='ocrx_word' id='word_1_153' title='bbox 494 3420 532 3487; x_wconf 90' lang='lat' dir='ltr'>et</span> <span class='ocrx_word' id='word_1_154' title='bbox 547 3414 749 3512; x_wconf 87' lang='lat' dir='ltr'>perdoctus</span> <span class='ocrx_word' id='word_1_155' title='bbox 775 3412 895 3504; x_wconf 79' lang='lat' dir='ltr'>Rossi,</span> <span class='ocrx_word' id='word_1_156' title='bbox 927 3413 989 3488; x_wconf 90' lang='lat' dir='ltr'>ille</span> <span class='ocrx_word' id='word_1_157' title='bbox 1008 3414 1055 3487; x_wconf 92' lang='lat' dir='ltr'>de</span> <span class='ocrx_word' id='word_1_158' title='bbox 1076 3410 1234 3487; x_wconf 83' lang='lat' dir='ltr'>scientia</span> <span class='ocrx_word' id='word_1_159' title='bbox 1262 3437 1380 3510; x_wconf 91' lang='lat' dir='ltr'>quam</span> <span class='ocrx_word' id='word_1_160' title='bbox 1403 3415 1568 3490; x_wconf 88' lang='lat' dir='ltr'>maxime</span> 
     </span>
     <span class='ocr_line' id='line_1_24' title="bbox 411 3537 1568 3636; baseline 0.002 -25"><span class='ocrx_word' id='word_1_161' title='bbox 411 3539 583 3629; x_wconf 79' lang='lat' dir='ltr'>meritus,</span> <span class='ocrx_word' id='word_1_162' title='bbox 617 3539 717 3613; x_wconf 88' lang='lat' dir='ltr'>clere</span> <span class='ocrx_word' id='word_1_163' title='bbox 739 3539 1004 3636; x_wconf 88' lang='lat' dir='ltr'>perspeximus</span> <span class='ocrx_word' id='word_1_164' title='bbox 1030 3537 1203 3614; x_wconf 81' lang='lat' dir='ltr'>earmina</span> <span class='ocrx_word' id='word_1_165' title='bbox 1228 3539 1305 3612; x_wconf 84' lang='lat' dir='ltr'>haec</span> <span class='ocrx_word' id='word_1_166' title='bbox 1330 3539 1451 3614; x_wconf 88' lang='lat' dir='ltr'>sancti</span> <span class='ocrx_word' id='word_1_167' title='bbox 1477 3540 1568 3614; x_wconf 90' lang='lat' dir='ltr'>Sixti</span> 
     </span>
     <span class='ocr_line' id='line_1_25' title="bbox 411 3662 1235 3761; baseline -0.001 -24"><span class='ocrx_word' id='word_1_168' title='bbox 411 3662 450 3737; x_wconf 91' lang='lat' dir='ltr'>in</span> <span class='ocrx_word' id='word_1_169' title='bbox 466 3666 653 3738; x_wconf 89' lang='lat' dir='ltr'>honorem</span> <span class='ocrx_word' id='word_1_170' title='bbox 666 3689 689 3736; x_wconf 91' lang='lat' dir='ltr'>a</span> <span class='ocrx_word' id='word_1_171' title='bbox 710 3663 871 3737; x_wconf 90' lang='lat' dir='ltr'>Demeso</span> <span class='ocrx_word' id='word_1_172' title='bbox 887 3689 969 3739; x_wconf 89' lang='lat' dir='ltr'>esse</span> <span class='ocrx_word' id='word_1_173' title='bbox 988 3663 1235 3761; x_wconf 80' lang='lat' dir='ltr'>conseripta³.</span> 
     </span>
    </p>

    <p class='ocr_par' dir='ltr' id='par_1_4' title="bbox 411 3788 1571 4138">
     <span class='ocr_line' id='line_1_26' title="bbox 463 3788 1570 3890; baseline 0.001 -28"><span class='ocrx_word' id='word_1_174' title='bbox 463 3788 500 3863; x_wconf 89' lang='lat' dir='ltr'>Si</span> <span class='ocrx_word' id='word_1_175' title='bbox 527 3789 613 3886; x_wconf 88' lang='lat' dir='ltr'>quis</span> <span class='ocrx_word' id='word_1_176' title='bbox 627 3796 811 3888; x_wconf 71' lang='lat' dir='ltr'>praeterea</span> <span class='ocrx_word' id='word_1_177' title='bbox 828 3789 1009 3866; x_wconf 75' lang='lat' dir='ltr'>miretur⁴</span> <span class='ocrx_word' id='word_1_178' title='bbox 1029 3790 1132 3890; x_wconf 89' lang='lat' dir='ltr'>quod</span> <span class='ocrx_word' id='word_1_179' title='bbox 1151 3788 1204 3863; x_wconf 89' lang='lat' dir='ltr'>sic</span> <span class='ocrx_word' id='word_1_180' title='bbox 1218 3788 1319 3885; x_wconf 88' lang='lat' dir='ltr'>jussi</span> <span class='ocrx_word' id='word_1_181' title='bbox 1345 3798 1471 3865; x_wconf 89' lang='lat' dir='ltr'>essent</span> <span class='ocrx_word' id='word_1_182' title='bbox 1497 3789 1570 3863; x_wconf 89' lang='lat' dir='ltr'>mi-</span> 
     </span>
     <span class='ocr_line' id='line_1_27' title="bbox 411 3911 1571 4015; baseline 0.003 -29"><span class='ocrx_word' id='word_1_183' title='bbox 411 3913 496 3988; x_wconf 90' lang='lat' dir='ltr'>lites</span> <span class='ocrx_word' id='word_1_184' title='bbox 504 3912 722 3987; x_wconf 88' lang='lat' dir='ltr'>christianis</span> <span class='ocrx_word' id='word_1_185' title='bbox 739 3911 1006 4013; x_wconf 90' lang='lat' dir='ltr'>impunitatem</span> <span class='ocrx_word' id='word_1_186' title='bbox 1022 3919 1223 4015; x_wconf 81' lang='lat' dir='ltr'>spondere,</span> <span class='ocrx_word' id='word_1_187' title='bbox 1240 3920 1448 3996; x_wconf 91' lang='lat' dir='ltr'>dummodo</span> <span class='ocrx_word' id='word_1_188' title='bbox 1464 3942 1571 3992; x_wconf 91' lang='lat' dir='ltr'>sum-</span> 
     </span>
     <span class='ocr_line' id='line_1_28' title="bbox 414 4037 1571 4138; baseline 0.002 -26"><span class='ocrx_word' id='word_1_189' title='bbox 414 4039 523 4112; x_wconf 87' lang='lat' dir='ltr'>mum</span> <span class='ocrx_word' id='word_1_190' title='bbox 546 4037 766 4137; x_wconf 89' lang='lat' dir='ltr'>pontificem</span> <span class='ocrx_word' id='word_1_191' title='bbox 793 4039 1001 4138; x_wconf 80' lang='lat' dir='ltr'>prodirent,</span> <span class='ocrx_word' id='word_1_192' title='bbox 1040 4041 1073 4114; x_wconf 91' lang='lat' dir='ltr'>ei</span> <span class='ocrx_word' id='word_1_193' title='bbox 1113 4045 1247 4119; x_wconf 87' lang='lat' dir='ltr'>subeat</span> <span class='ocrx_word' id='word_1_194' title='bbox 1279 4044 1318 4117; x_wconf 92' lang='lat' dir='ltr'>in</span> <span class='ocrx_word' id='word_1_195' title='bbox 1346 4043 1571 4117; x_wconf 82' lang='lat' dir='ltr'>memoriam</span> 
     </span>
    </p>
   </div>
   <div class='ocr_carea' id='block_1_3' title="bbox 413 4359 1562 4771">
    <p class='ocr_par' dir='ltr' id='par_1_5' title="bbox 413 4359 1562 4498">
     <span class='ocr_line' id='line_1_29' title="bbox 450 4359 1562 4436; baseline 0.006 -25"><span class='ocrx_word' id='word_1_196' title='bbox 450 4365 473 4412; x_wconf 85' lang='lat'>1.</span> <span class='ocrx_word' id='word_1_197' title='bbox 491 4359 652 4413; x_wconf 82' lang='lat' dir='ltr'>Tertulliani</span> <span class='ocrx_word' id='word_1_198' title='bbox 668 4362 706 4414; x_wconf 78' lang='lat' dir='ltr'>ad</span> <span class='ocrx_word' id='word_1_199' title='bbox 725 4364 861 4426; x_wconf 79' lang='lat' dir='ltr'>Nattones,</span> <span class='ocrx_word' id='word_1_200' title='bbox 879 4377 936 4432; x_wconf 82' lang='lat' dir='ltr'>cap.</span> <span class='ocrx_word' id='word_1_201' title='bbox 956 4377 1045 4418; x_wconf 79' lang='lat' dir='ltr'>xxvu.</span> <span class='ocrx_word' id='word_1_202' title='bbox 1066 4393 1096 4404; x_wconf 93' lang='lat'><em>-</em></span> <span class='ocrx_word' id='word_1_203' title='bbox 1117 4367 1295 4433; x_wconf 69' lang='lat' dir='ltr'>rpotoqeuca,</span> <span class='ocrx_word' id='word_1_204' title='bbox 1312 4381 1369 4436; x_wconf 85' lang='lat' dir='ltr'>cap.</span> <span class='ocrx_word' id='word_1_205' title='bbox 1389 4381 1428 4421; x_wconf 87' lang='lat' dir='ltr'>vu</span> <span class='ocrx_word' id='word_1_206' title='bbox 1451 4367 1562 4432; x_wconf 69' lang='lat' dir='ltr'>(Petrei</span> 
     </span>
     <span class='ocr_line' id='line_1_30' title="bbox 413 4445 558 4498; baseline -0.021 -1"><span class='ocrx_word' id='word_1_207' title='bbox 413 4446 463 4498; x_wconf 83' lang='lat' dir='ltr'>lat.</span> <span class='ocrx_word' id='word_1_208' title='bbox 489 4445 533 4497; x_wconf 90' lang='lat' dir='ltr'>t.1</span> <span class='ocrx_word' id='word_1_209' title='bbox 551 4480 558 4494; x_wconf 92' lang='lat'>.</span> 
     </span>
    </p>

    <p class='ocr_par' dir='ltr' id='par_1_6' title="bbox 450 4445 1285 4597">
     <span class='ocr_line' id='line_1_31' title="bbox 450 4445 1285 4597; baseline 0.01 -17"><span class='ocrx_word' id='word_1_210' title='bbox 450 4479 474 4581; x_wconf 52' lang='lat' dir='ltr'>ri</span> <span class='ocrx_word' id='word_1_211' title='bbox 492 4445 584 4580; x_wconf 80' lang='lat' dir='ltr'>Sedeti</span> <span class='ocrx_word' id='word_1_212' title='bbox 595 4528 704 4582; x_wconf 81' lang='lat' dir='ltr'>Damasi</span> <span class='ocrx_word' id='word_1_213' title='bbox 719 4531 752 4582; x_wconf 82' lang='lat' dir='ltr'>de</span> <span class='ocrx_word' id='word_1_214' title='bbox 766 4533 862 4584; x_wconf 79' lang='lat' dir='ltr'>Sancto</span> <span class='ocrx_word' id='word_1_215' title='bbox 875 4535 959 4593; x_wconf 71' lang='lat' dir='ltr'>suto,</span> <span class='ocrx_word' id='word_1_216' title='bbox 975 4546 1082 4586; x_wconf 82' lang='lat' dir='ltr'>carmen</span> <span class='ocrx_word' id='word_1_217' title='bbox 1095 4548 1123 4594; x_wconf 85' lang='lat' dir='ltr'>x,</span> <span class='ocrx_word' id='word_1_218' title='bbox 1138 4548 1206 4588; x_wconf 85' lang='lat' dir='ltr'>vers.</span> <span class='ocrx_word' id='word_1_219' title='bbox 1222 4540 1246 4597; x_wconf 79' lang='lat' dir='ltr'>l,</span> <span class='ocrx_word' id='word_1_220' title='bbox 1261 4541 1285 4588; x_wconf 82' lang='lat'>7.</span> 
     </span>
    </p>

    <p class='ocr_par' dir='ltr' id='par_1_7' title="bbox 450 4612 1144 4686">
     <span class='ocr_line' id='line_1_32' title="bbox 450 4612 1144 4686; baseline 0.009 -23"><span class='ocrx_word' id='word_1_221' title='bbox 450 4619 475 4664; x_wconf 85' lang='lat'>3.</span> <span class='ocrx_word' id='word_1_222' title='bbox 495 4612 532 4664; x_wconf 88' lang='lat' dir='ltr'>De</span> <span class='ocrx_word' id='word_1_223' title='bbox 545 4612 631 4677; x_wconf 74' lang='lat' dir='ltr'>hessi,</span> <span class='ocrx_word' id='word_1_224' title='bbox 644 4619 727 4667; x_wconf 77' lang='lat' dir='ltr'>Roma</span> <span class='ocrx_word' id='word_1_225' title='bbox 738 4618 919 4679; x_wconf 80' lang='lat' dir='ltr'>sotterrenee,</span> <span class='ocrx_word' id='word_1_226' title='bbox 932 4620 951 4670; x_wconf 89' lang='lat' dir='ltr'>t.</span> <span class='ocrx_word' id='word_1_227' title='bbox 966 4617 999 4683; x_wconf 87' lang='lat' dir='ltr'>Il,</span> <span class='ocrx_word' id='word_1_228' title='bbox 1009 4632 1036 4686; x_wconf 91' lang='lat' dir='ltr'>p.</span> <span class='ocrx_word' id='word_1_229' title='bbox 1048 4623 1090 4681; x_wconf 79' lang='lat' dir='ltr'>sl,</span> <span class='ocrx_word' id='word_1_230' title='bbox 1103 4625 1144 4671; x_wconf 86' lang='lat'>87.</span> 
     </span>
    </p>

    <p class='ocr_par' dir='ltr' id='par_1_8' title="bbox 450 4699 808 4771">
     <span class='ocr_line' id='line_1_33' title="bbox 450 4699 808 4771; baseline 0 -19"><span class='ocrx_word' id='word_1_231' title='bbox 450 4706 475 4755; x_wconf 81' lang='lat'>4.</span> <span class='ocrx_word' id='word_1_232' title='bbox 494 4700 531 4752; x_wconf 87' lang='lat' dir='ltr'>De</span> <span class='ocrx_word' id='word_1_233' title='bbox 543 4699 631 4764; x_wconf 85' lang='lat' dir='ltr'>Rossi,</span> <span class='ocrx_word' id='word_1_234' title='bbox 645 4705 666 4754; x_wconf 85' lang='lat' dir='ltr'>t.</span> <span class='ocrx_word' id='word_1_235' title='bbox 682 4703 715 4764; x_wconf 88' lang='lat' dir='ltr'>ll,</span> <span class='ocrx_word' id='word_1_236' title='bbox 729 4716 755 4771; x_wconf 87' lang='lat' dir='ltr'>p.</span> <span class='ocrx_word' id='word_1_237' title='bbox 766 4706 808 4755; x_wconf 77' lang='lat'>92.</span> 
     </span>
    </p>
   </div>
   <div class='ocr_carea' id='block_1_4' title="bbox 0 0 1805 5668">
    <p class='ocr_par' dir='ltr' id='par_1_9' title="bbox 0 0 1805 5668">
     <span class='ocr_line' id='line_1_34' title="bbox 0 0 1805 5668; baseline 0 0"><span class='ocrx_word' id='word_1_238' title='bbox 0 0 1805 5668; x_wconf 95' lang='lat' dir='ltr'> </span> 
     </span>
    </p>
   </div>
  </div>
 </body>
</html>
